<?xml version="1.0" encoding="UTF-8"?>
<!DOCTYPE html PUBLIC "-//W3C//DTD XHTML 1.0 Transitional//EN"
    "http://www.w3.org/TR/xhtml1/DTD/xhtml1-transitional.dtd">
<html xmlns="http://www.w3.org/1999/xhtml" xml:lang="en" lang="en">
 <head>
  <title>
</title>
<meta http-equiv="Content-Type" content="text/html;charset=utf-8" />
  <meta name='ocr-system' content='tesseract 3.04.00' />
  <meta name='ocr-capabilities' content='ocr_page ocr_carea ocr_par ocr_line ocrx_word'/>
</head>
<body>
  <div class='ocr_page' id='page_1' title='image "./quaestionesdeelo00kaisuoft_0050.png"; bbox 0 0 2084 3342; ppageno 0'>
   <div class='ocr_carea' id='block_1_1' title="bbox 390 231 440 267">
    <p class='ocr_par' dir='ltr' id='par_1_1' title="bbox 390 231 440 267">
     <span class='ocr_line' id='line_1_1' title="bbox 390 231 440 267; baseline 0 0"><span class='ocrx_word' id='word_1_1' title='bbox 390 231 440 267; x_wconf 75' lang='lat'>42</span> 
     </span>
    </p>
   </div>
   <div class='ocr_carea' id='block_1_2' title="bbox 384 338 1887 1756">
    <p class='ocr_par' dir='ltr' id='par_1_2' title="bbox 384 338 1880 864">
     <span class='ocr_line' id='line_1_2' title="bbox 388 338 1879 391; baseline 0.002 -14"><span class='ocrx_word' id='word_1_2' title='bbox 388 353 459 389; x_wconf 91' lang='lat' dir='ltr'>pro</span> <span class='ocrx_word' id='word_1_3' title='bbox 496 339 720 378; x_wconf 88' lang='lat' dir='ltr'>indicativis</span> <span class='ocrx_word' id='word_1_4' title='bbox 758 351 897 389; x_wconf 60' lang='lat' dir='ltr'>praes„</span> <span class='ocrx_word' id='word_1_5' title='bbox 938 338 1019 385; x_wconf 76' lang='lat' dir='ltr'>fut.⁷</span> <span class='ocrx_word' id='word_1_6' title='bbox 1063 339 1162 388; x_wconf 85' lang='lat' dir='ltr'>perf.</span> <span class='ocrx_word' id='word_1_7' title='bbox 1203 339 1402 377; x_wconf 75' lang='lat' dir='ltr'>indicativi</span> <span class='ocrx_word' id='word_1_8' title='bbox 1434 340 1596 389; x_wconf 62' lang='lat' dir='ltr'>imperf„</span> <span class='ocrx_word' id='word_1_9' title='bbox 1638 340 1707 379; x_wconf 86' lang='lat' dir='ltr'>fut.</span> <span class='ocrx_word' id='word_1_10' title='bbox 1740 344 1879 391; x_wconf 78' lang='lat' dir='ltr'>praet.⁷</span> 
     </span>
     <span class='ocr_line' id='line_1_3' title="bbox 387 406 1879 458; baseline 0.001 -13"><span class='ocrx_word' id='word_1_11' title='bbox 387 407 559 458; x_wconf 85' lang='lat' dir='ltr'>plusqpf.</span> <span class='ocrx_word' id='word_1_12' title='bbox 591 407 894 446; x_wconf 84' lang='lat' dir='ltr'>substituuntur.</span> <span class='ocrx_word' id='word_1_13' title='bbox 946 406 1146 457; x_wconf 87' lang='lat' dir='ltr'>Optativis</span> <span class='ocrx_word' id='word_1_14' title='bbox 1177 408 1296 456; x_wconf 83' lang='lat' dir='ltr'>igitur</span> <span class='ocrx_word' id='word_1_15' title='bbox 1328 408 1453 446; x_wconf 85' lang='lat' dir='ltr'>oratio</span> <span class='ocrx_word' id='word_1_16' title='bbox 1485 408 1643 457; x_wconf 90' lang='lat' dir='ltr'>obliqua</span> <span class='ocrx_word' id='word_1_17' title='bbox 1674 421 1759 447; x_wconf 88' lang='lat' dir='ltr'>cum</span> <span class='ocrx_word' id='word_1_18' title='bbox 1792 421 1879 447; x_wconf 88' lang='lat' dir='ltr'>ver-</span> 
     </span>
     <span class='ocr_line' id='line_1_4' title="bbox 386 475 1880 527; baseline 0.001 -13"><span class='ocrx_word' id='word_1_19' title='bbox 386 477 521 514; x_wconf 87' lang='lat' dir='ltr'>borum</span> <span class='ocrx_word' id='word_1_20' title='bbox 564 476 759 514; x_wconf 84' lang='lat' dir='ltr'>sentiendi</span> <span class='ocrx_word' id='word_1_21' title='bbox 803 476 866 514; x_wconf 91' lang='lat' dir='ltr'>vel</span> <span class='ocrx_word' id='word_1_22' title='bbox 905 476 1059 514; x_wconf 87' lang='lat' dir='ltr'>dicendi</span> <span class='ocrx_word' id='word_1_23' title='bbox 1091 475 1275 514; x_wconf 85' lang='lat' dir='ltr'>subiectis</span> <span class='ocrx_word' id='word_1_24' title='bbox 1307 477 1502 514; x_wconf 76' lang='lat' dir='ltr'>artissime</span> <span class='ocrx_word' id='word_1_25' title='bbox 1535 477 1762 527; x_wconf 60' lang='lat' dir='ltr'>copulatum</span> <span class='ocrx_word' id='word_1_26' title='bbox 1803 490 1880 527; x_wconf 84' lang='lat' dir='ltr'>qua</span> 
     </span>
     <span class='ocr_line' id='line_1_5' title="bbox 387 543 1879 594; baseline 0.001 -12"><span class='ocrx_word' id='word_1_27' title='bbox 387 545 435 582; x_wconf 88' lang='lat' dir='ltr'>de</span> <span class='ocrx_word' id='word_1_28' title='bbox 467 556 586 582; x_wconf 81' lang='lat' dir='ltr'>causa</span> <span class='ocrx_word' id='word_1_29' title='bbox 617 556 684 582; x_wconf 88' lang='lat' dir='ltr'>eos</span> <span class='ocrx_word' id='word_1_30' title='bbox 717 544 764 582; x_wconf 88' lang='lat' dir='ltr'>de</span> <span class='ocrx_word' id='word_1_31' title='bbox 796 544 1003 593; x_wconf 81' lang='lat' dir='ltr'>colloquiis</span> <span class='ocrx_word' id='word_1_32' title='bbox 1037 543 1330 593; x_wconf 76' lang='lat' dir='ltr'>mendaciisque</span> <span class='ocrx_word' id='word_1_33' title='bbox 1362 545 1627 594; x_wconf 75' lang='lat' dir='ltr'>potissimum,</span> <span class='ocrx_word' id='word_1_34' title='bbox 1660 557 1763 594; x_wconf 87' lang='lat' dir='ltr'>quae</span> <span class='ocrx_word' id='word_1_35' title='bbox 1795 545 1879 583; x_wconf 88' lang='lat' dir='ltr'>sinc</span> 
     </span>
     <span class='ocr_line' id='line_1_6' title="bbox 384 612 1878 662; baseline 0.001 -13"><span class='ocrx_word' id='word_1_36' title='bbox 384 612 460 650; x_wconf 89' lang='lat' dir='ltr'>illis</span> <span class='ocrx_word' id='word_1_37' title='bbox 500 613 664 662; x_wconf 85' lang='lat' dir='ltr'>cogitari</span> <span class='ocrx_word' id='word_1_38' title='bbox 707 613 865 650; x_wconf 90' lang='lat' dir='ltr'>omnino</span> <span class='ocrx_word' id='word_1_39' title='bbox 906 625 983 651; x_wconf 90' lang='lat' dir='ltr'>non</span> <span class='ocrx_word' id='word_1_40' title='bbox 1026 616 1203 662; x_wconf 80' lang='lat' dir='ltr'>possunt,</span> <span class='ocrx_word' id='word_1_41' title='bbox 1244 613 1428 662; x_wconf 85' lang='lat' dir='ltr'>usurpari</span> <span class='ocrx_word' id='word_1_42' title='bbox 1470 625 1546 650; x_wconf 89' lang='lat' dir='ltr'>non</span> <span class='ocrx_word' id='word_1_43' title='bbox 1581 613 1778 662; x_wconf 89' lang='lat' dir='ltr'>estquod</span> <span class='ocrx_word' id='word_1_44' title='bbox 1810 613 1878 651; x_wconf 91' lang='lat' dir='ltr'>mi-</span> 
     </span>
     <span class='ocr_line' id='line_1_7' title="bbox 386 680 1878 730; baseline 0 -12"><span class='ocrx_word' id='word_1_45' title='bbox 386 680 542 724; x_wconf 87' lang='lat' dir='ltr'>reris;¹)</span> <span class='ocrx_word' id='word_1_46' title='bbox 590 680 816 718; x_wconf 89' lang='lat' dir='ltr'>indicativis</span> <span class='ocrx_word' id='word_1_47' title='bbox 858 683 988 719; x_wconf 87' lang='lat' dir='ltr'>autem</span> <span class='ocrx_word' id='word_1_48' title='bbox 1032 681 1239 730; x_wconf 85' lang='lat' dir='ltr'>praeteriti</span> <span class='ocrx_word' id='word_1_49' title='bbox 1287 681 1414 719; x_wconf 85' lang='lat' dir='ltr'>oratio</span> <span class='ocrx_word' id='word_1_50' title='bbox 1461 681 1622 730; x_wconf 90' lang='lat' dir='ltr'>obliqua</span> <span class='ocrx_word' id='word_1_51' title='bbox 1667 681 1878 720; x_wconf 88' lang='lat' dir='ltr'>verborum</span> 
     </span>
     <span class='ocr_line' id='line_1_8' title="bbox 387 747 1879 799; baseline 0.001 -14"><span class='ocrx_word' id='word_1_52' title='bbox 387 747 541 786; x_wconf 85' lang='lat' dir='ltr'>dicendi</span> <span class='ocrx_word' id='word_1_53' title='bbox 576 749 637 786; x_wconf 91' lang='lat' dir='ltr'>vel</span> <span class='ocrx_word' id='word_1_54' title='bbox 670 748 865 786; x_wconf 88' lang='lat' dir='ltr'>sentiendi</span> <span class='ocrx_word' id='word_1_55' title='bbox 897 748 1164 786; x_wconf 85' lang='lat' dir='ltr'>dominatione</span> <span class='ocrx_word' id='word_1_56' title='bbox 1197 748 1308 797; x_wconf 85' lang='lat' dir='ltr'>quasi</span> <span class='ocrx_word' id='word_1_57' title='bbox 1340 748 1550 799; x_wconf 82' lang='lat' dir='ltr'>liberatur3</span> <span class='ocrx_word' id='word_1_58' title='bbox 1584 761 1702 798; x_wconf 88' lang='lat' dir='ltr'>quam</span> <span class='ocrx_word' id='word_1_59' title='bbox 1726 749 1775 787; x_wconf 91' lang='lat' dir='ltr'>ob</span> <span class='ocrx_word' id='word_1_60' title='bbox 1797 761 1879 788; x_wconf 89' lang='lat' dir='ltr'>rem</span> 
     </span>
     <span class='ocr_line' id='line_1_9' title="bbox 386 815 1880 864; baseline 0.001 -11"><span class='ocrx_word' id='word_1_61' title='bbox 386 826 454 853; x_wconf 89' lang='lat' dir='ltr'>eos</span> <span class='ocrx_word' id='word_1_62' title='bbox 487 815 535 853; x_wconf 89' lang='lat' dir='ltr'>de</span> <span class='ocrx_word' id='word_1_63' title='bbox 567 815 685 853; x_wconf 89' lang='lat' dir='ltr'>rebus</span> <span class='ocrx_word' id='word_1_64' title='bbox 717 827 809 854; x_wconf 91' lang='lat' dir='ltr'>vere</span> <span class='ocrx_word' id='word_1_65' title='bbox 842 815 954 853; x_wconf 85' lang='lat' dir='ltr'>factis</span> <span class='ocrx_word' id='word_1_66' title='bbox 987 815 1132 854; x_wconf 87' lang='lat' dir='ltr'>dicenti</span> <span class='ocrx_word' id='word_1_67' title='bbox 1166 816 1389 864; x_wconf 86' lang='lat' dir='ltr'>aptissimos</span> <span class='ocrx_word' id='word_1_68' title='bbox 1420 827 1505 854; x_wconf 85' lang='lat' dir='ltr'>esse</span> <span class='ocrx_word' id='word_1_69' title='bbox 1538 816 1786 855; x_wconf 83' lang='lat' dir='ltr'>manifestum</span> <span class='ocrx_word' id='word_1_70' title='bbox 1810 819 1880 855; x_wconf 90' lang='lat' dir='ltr'>est.</span> 
     </span>
    </p>

    <p class='ocr_par' dir='ltr' id='par_1_3' title="bbox 503 883 1596 933">
     <span class='ocr_line' id='line_1_10' title="bbox 503 883 1596 933; baseline 0.001 -12"><span class='ocrx_word' id='word_1_71' title='bbox 503 884 614 931; x_wconf 79' lang='lat' dir='ltr'>Quae</span> <span class='ocrx_word' id='word_1_72' title='bbox 646 884 719 921; x_wconf 88' lang='lat' dir='ltr'>hac</span> <span class='ocrx_word' id='word_1_73' title='bbox 752 896 912 933; x_wconf 89' lang='lat' dir='ltr'>quoque</span> <span class='ocrx_word' id='word_1_74' title='bbox 943 884 1087 922; x_wconf 84' lang='lat' dir='ltr'>tabella</span> <span class='ocrx_word' id='word_1_75' title='bbox 1119 883 1459 933; x_wconf 85' lang='lat' dir='ltr'>comprehendere</span> <span class='ocrx_word' id='word_1_76' title='bbox 1491 884 1596 922; x_wconf 89' lang='lat' dir='ltr'>licet:</span> 
     </span>
    </p>

    <p class='ocr_par' dir='ltr' id='par_1_4' title="bbox 386 952 1881 1138">
     <span class='ocr_line' id='line_1_11' title="bbox 500 952 1881 1003; baseline 0.001 -13"><span class='ocrx_word' id='word_1_77' title='bbox 500 953 528 990; x_wconf 85' lang='lat'>1.</span> <span class='ocrx_word' id='word_1_78' title='bbox 574 952 737 990; x_wconf 90' lang='lat' dir='ltr'>Nullum</span> <span class='ocrx_word' id='word_1_79' title='bbox 780 953 883 991; x_wconf 89' lang='lat' dir='ltr'>inter</span> <span class='ocrx_word' id='word_1_80' title='bbox 924 953 1034 991; x_wconf 87' lang='lat' dir='ltr'>verbi</span> <span class='ocrx_word' id='word_1_81' title='bbox 1077 953 1252 1002; x_wconf 85' lang='lat' dir='ltr'>regentis</span> <span class='ocrx_word' id='word_1_82' title='bbox 1296 955 1334 990; x_wconf 92' lang='lat' dir='ltr'>et</span> <span class='ocrx_word' id='word_1_83' title='bbox 1375 953 1544 991; x_wconf 79' lang='lat' dir='ltr'>orat0r1s</span> <span class='ocrx_word' id='word_1_84' title='bbox 1586 955 1766 1003; x_wconf 84' lang='lat' dir='ltr'>tempora</span> <span class='ocrx_word' id='word_1_85' title='bbox 1803 952 1881 991; x_wconf 86' lang='lat' dir='ltr'>dis-</span> 
     </span>
     <span class='ocr_line' id='line_1_12' title="bbox 386 1019 1881 1067; baseline 0.001 -9"><span class='ocrx_word' id='word_1_86' title='bbox 386 1020 532 1058; x_wconf 85' lang='lat' dir='ltr'>crimen</span> <span class='ocrx_word' id='word_1_87' title='bbox 583 1020 810 1059; x_wconf 79' lang='lat' dir='ltr'>intercedit:</span> <span class='ocrx_word' id='word_1_88' title='bbox 873 1020 1075 1059; x_wconf 79' lang='lat' dir='ltr'>indicativi</span> <span class='ocrx_word' id='word_1_89' title='bbox 1128 1021 1320 1059; x_wconf 84' lang='lat' dir='ltr'>orationis</span> <span class='ocrx_word' id='word_1_90' title='bbox 1371 1024 1503 1059; x_wconf 86' lang='lat' dir='ltr'>rectae</span> <span class='ocrx_word' id='word_1_91' title='bbox 1554 1023 1765 1059; x_wconf 85' lang='lat' dir='ltr'>servantur</span> <span class='ocrx_word' id='word_1_92' title='bbox 1814 1019 1881 1067; x_wconf 87' lang='lat' dir='ltr'>(cf.</span> 
     </span>
     <span class='ocr_line' id='line_1_13' title="bbox 386 1087 527 1138; baseline 0.007 -14"><span class='ocrx_word' id='word_1_93' title='bbox 386 1101 422 1138; x_wconf 90' lang='lat' dir='ltr'>p.</span> <span class='ocrx_word' id='word_1_94' title='bbox 446 1087 527 1135; x_wconf 81' lang='lat'><strong>37).</strong></span> 
     </span>
    </p>

    <p class='ocr_par' dir='ltr' id='par_1_5' title="bbox 500 1157 1385 1207">
     <span class='ocr_line' id='line_1_14' title="bbox 500 1157 1385 1207; baseline 0.001 -12"><span class='ocrx_word' id='word_1_95' title='bbox 500 1158 548 1195; x_wconf 94' lang='grc' dir='ltr'>ΙΙ.</span> <span class='ocrx_word' id='word_1_96' title='bbox 588 1158 687 1196; x_wconf 89' lang='lat' dir='ltr'>Tale</span> <span class='ocrx_word' id='word_1_97' title='bbox 719 1157 878 1207; x_wconf 81' lang='lat' dir='ltr'>aliquod</span> <span class='ocrx_word' id='word_1_98' title='bbox 912 1157 1124 1196; x_wconf 87' lang='lat' dir='ltr'>discrimen</span> <span class='ocrx_word' id='word_1_99' title='bbox 1156 1157 1385 1196; x_wconf 82' lang='lat' dir='ltr'>intercedit:</span> 
     </span>
    </p>

    <p class='ocr_par' dir='ltr' id='par_1_6' title="bbox 554 1224 1887 1756">
     <span class='ocr_line' id='line_1_15' title="bbox 555 1224 1882 1276; baseline -0.001 -12"><span class='ocrx_word' id='word_1_100' title='bbox 555 1229 587 1264; x_wconf 92' lang='grc'>1.</span> <span class='ocrx_word' id='word_1_101' title='bbox 620 1238 746 1275; x_wconf 90' lang='lat' dir='ltr'>neque</span> <span class='ocrx_word' id='word_1_102' title='bbox 779 1238 873 1264; x_wconf 91' lang='lat' dir='ltr'>vero</span> <span class='ocrx_word' id='word_1_103' title='bbox 901 1226 949 1264; x_wconf 88' lang='lat' dir='ltr'>ab</span> <span class='ocrx_word' id='word_1_104' title='bbox 983 1229 1140 1265; x_wconf 87' lang='lat' dir='ltr'>oratore</span> <span class='ocrx_word' id='word_1_105' title='bbox 1164 1227 1324 1276; x_wconf 86' lang='lat' dir='ltr'>proprie</span> <span class='ocrx_word' id='word_1_106' title='bbox 1348 1228 1525 1264; x_wconf 85' lang='lat' dir='ltr'>notatur:</span> <span class='ocrx_word' id='word_1_107' title='bbox 1557 1229 1737 1276; x_wconf 86' lang='lat' dir='ltr'>tempora</span> <span class='ocrx_word' id='word_1_108' title='bbox 1759 1224 1882 1263; x_wconf 91' lang='lat' dir='ltr'>modi-</span> 
     </span>
     <span class='ocr_line' id='line_1_16' title="bbox 620 1294 1358 1343; baseline 0 -11"><span class='ocrx_word' id='word_1_109' title='bbox 620 1307 696 1343; x_wconf 91' lang='lat' dir='ltr'>que</span> <span class='ocrx_word' id='word_1_110' title='bbox 729 1295 920 1333; x_wconf 85' lang='lat' dir='ltr'>orationis</span> <span class='ocrx_word' id='word_1_111' title='bbox 953 1298 1086 1333; x_wconf 86' lang='lat' dir='ltr'>rectae</span> <span class='ocrx_word' id='word_1_112' title='bbox 1118 1294 1358 1339; x_wconf 61' lang='lat' dir='ltr'>retinent-un</span> 
     </span>
     <span class='ocr_line' id='line_1_17' title="bbox 554 1362 1621 1412; baseline -0.002 -11"><span class='ocrx_word' id='word_1_113' title='bbox 554 1365 588 1401; x_wconf 77' lang='lat'>2.</span> <span class='ocrx_word' id='word_1_114' title='bbox 621 1366 659 1400; x_wconf 87' lang='lat' dir='ltr'>et</span> <span class='ocrx_word' id='word_1_115' title='bbox 691 1363 739 1401; x_wconf 85' lang='lat' dir='ltr'>ab</span> <span class='ocrx_word' id='word_1_116' title='bbox 772 1367 929 1401; x_wconf 88' lang='lat' dir='ltr'>oratore</span> <span class='ocrx_word' id='word_1_117' title='bbox 962 1363 1174 1401; x_wconf 91' lang='lat' dir='ltr'>verborum</span> <span class='ocrx_word' id='word_1_118' title='bbox 1207 1362 1343 1400; x_wconf 84' lang='lat' dir='ltr'>formis</span> <span class='ocrx_word' id='word_1_119' title='bbox 1375 1362 1621 1412; x_wconf 86' lang='lat' dir='ltr'>depingitur:</span> 
     </span>
     <span class='ocr_line' id='line_1_18' title="bbox 657 1418 1887 1481; baseline -0.001 -12"><span class='ocrx_word' id='word_1_120' title='bbox 657 1431 695 1477; x_wconf 87' lang='lat' dir='ltr'>a)</span> <span class='ocrx_word' id='word_1_121' title='bbox 728 1431 929 1481; x_wconf 78' lang='lat' dir='ltr'>optativus</span> <span class='ocrx_word' id='word_1_122' title='bbox 962 1434 1190 1481; x_wconf 85' lang='lat' dir='ltr'>usurpat-ur,</span> <span class='ocrx_word' id='word_1_123' title='bbox 1233 1434 1274 1469; x_wconf 89' lang='lat' dir='ltr'>ut</span> <span class='ocrx_word' id='word_1_124' title='bbox 1315 1430 1440 1469; x_wconf 85' lang='lat' dir='ltr'>oratio</span> <span class='ocrx_word' id='word_1_125' title='bbox 1482 1431 1641 1480; x_wconf 87' lang='lat' dir='ltr'>obliqua</span> <span class='ocrx_word' id='word_1_126' title='bbox 1678 1443 1725 1469; x_wconf 87' lang='lat' dir='ltr'>ex</span> <span class='ocrx_word' id='word_1_127' title='bbox 1768 1418 1887 1480; x_wconf 51' lang='lat' dir='ltr'>praess</span> 
     </span>
     <span class='ocr_line' id='line_1_19' title="bbox 728 1500 1506 1542; baseline 0.001 -6"><span class='ocrx_word' id='word_1_128' title='bbox 728 1500 894 1538; x_wconf 86' lang='lat' dir='ltr'>cedente</span> <span class='ocrx_word' id='word_1_129' title='bbox 926 1500 1046 1538; x_wconf 83' lang='lat' dir='ltr'>verbo</span> <span class='ocrx_word' id='word_1_130' title='bbox 1079 1500 1273 1538; x_wconf 81' lang='lat' dir='ltr'>artissime</span> <span class='ocrx_word' id='word_1_131' title='bbox 1305 1501 1506 1542; x_wconf 87' lang='lat' dir='ltr'>nectatur;</span> 
     </span>
     <span class='ocr_line' id='line_1_20' title="bbox 659 1565 1884 1618; baseline -0.001 -13"><span class='ocrx_word' id='word_1_132' title='bbox 659 1566 697 1613; x_wconf 84' lang='lat' dir='ltr'>b)</span> <span class='ocrx_word' id='word_1_133' title='bbox 730 1567 969 1607; x_wconf 83' lang='lat' dir='ltr'>indicativus</span> <span class='ocrx_word' id='word_1_134' title='bbox 1002 1571 1127 1618; x_wconf 88' lang='lat' dir='ltr'>praet.</span> <span class='ocrx_word' id='word_1_135' title='bbox 1160 1567 1381 1614; x_wconf 83' lang='lat' dir='ltr'>adhibetur,</span> <span class='ocrx_word' id='word_1_136' title='bbox 1414 1570 1457 1606; x_wconf 88' lang='lat' dir='ltr'>ut</span> <span class='ocrx_word' id='word_1_137' title='bbox 1490 1579 1592 1617; x_wconf 90' lang='lat' dir='ltr'>quae</span> <span class='ocrx_word' id='word_1_138' title='bbox 1614 1567 1793 1605; x_wconf 86' lang='lat' dir='ltr'>oratione</span> <span class='ocrx_word' id='word_1_139' title='bbox 1816 1565 1884 1605; x_wconf 94' lang='lat' dir='ltr'>ob-</span> 
     </span>
     <span class='ocr_line' id='line_1_21' title="bbox 727 1636 1884 1687; baseline -0.002 -12"><span class='ocrx_word' id='word_1_140' title='bbox 727 1637 835 1687; x_wconf 86' lang='lat' dir='ltr'>liqua</span> <span class='ocrx_word' id='word_1_141' title='bbox 876 1638 1130 1676; x_wconf 86' lang='lat' dir='ltr'>continentur</span> <span class='ocrx_word' id='word_1_142' title='bbox 1172 1637 1375 1687; x_wconf 89' lang='lat' dir='ltr'>proprium</span> <span class='ocrx_word' id='word_1_143' title='bbox 1421 1637 1531 1686; x_wconf 87' lang='lat' dir='ltr'>quasi</span> <span class='ocrx_word' id='word_1_144' title='bbox 1575 1638 1812 1675; x_wconf 88' lang='lat' dir='ltr'>momentum</span> <span class='ocrx_word' id='word_1_145' title='bbox 1846 1636 1884 1673; x_wconf 89' lang='lat' dir='ltr'>et</span> 
     </span>
     <span class='ocr_line' id='line_1_22' title="bbox 728 1703 1160 1756; baseline -0.002 -11"><span class='ocrx_word' id='word_1_146' title='bbox 728 1706 884 1755; x_wconf 87' lang='lat' dir='ltr'>pondus</span> <span class='ocrx_word' id='word_1_147' title='bbox 914 1703 1160 1756; x_wconf 54' lang='lat' dir='ltr'>accipiantfi)</span> 
     </span>
    </p>
   </div>
   <div class='ocr_carea' id='block_1_3' title="bbox 395 1786 580 1789">
    <p class='ocr_par' dir='ltr' id='par_1_7' title="bbox 395 1786 580 1789">
     <span class='ocr_line' id='line_1_23' title="bbox 395 1786 580 1789; baseline 0 0"><span class='ocrx_word' id='word_1_148' title='bbox 395 1786 580 1789; x_wconf 95' lang='lat' dir='ltr'> </span> 
     </span>
    </p>
   </div>
   <div class='ocr_carea' id='block_1_4' title="bbox 386 1835 1886 1998">
    <p class='ocr_par' dir='ltr' id='par_1_8' title="bbox 386 1835 1886 1998">
     <span class='ocr_line' id='line_1_24' title="bbox 387 1835 1886 1882; baseline -0.003 -8"><span class='ocrx_word' id='word_1_149' title='bbox 387 1842 507 1874; x_wconf 83' lang='lat' dir='ltr'>satzes</span> <span class='ocrx_word' id='word_1_150' title='bbox 534 1839 632 1874; x_wconf 86' lang='lat' dir='ltr'>hatte</span> <span class='ocrx_word' id='word_1_151' title='bbox 659 1839 736 1873; x_wconf 88' lang='lat' dir='ltr'>sich</span> <span class='ocrx_word' id='word_1_152' title='bbox 763 1840 798 1873; x_wconf 89' lang='lat' dir='ltr'>in</span> <span class='ocrx_word' id='word_1_153' title='bbox 824 1840 888 1874; x_wconf 89' lang='lat' dir='ltr'>der</span> <span class='ocrx_word' id='word_1_154' title='bbox 913 1838 1066 1882; x_wconf 82' lang='lat' dir='ltr'>sprache</span> <span class='ocrx_word' id='word_1_155' title='bbox 1099 1837 1198 1872; x_wconf 87' lang='lat' dir='ltr'>nicht</span> <span class='ocrx_word' id='word_1_156' title='bbox 1228 1837 1281 1872; x_wconf 89' lang='lat' dir='ltr'>als</span> <span class='ocrx_word' id='word_1_157' title='bbox 1306 1837 1518 1881; x_wconf 84' lang='lat' dir='ltr'>notwendig</span> <span class='ocrx_word' id='word_1_158' title='bbox 1542 1836 1693 1881; x_wconf 82' lang='lat' dir='ltr'>geltend</span> <span class='ocrx_word' id='word_1_159' title='bbox 1718 1835 1886 1881; x_wconf 83' lang='lat' dir='ltr'>gemacht</span> 
     </span>
     <span class='ocr_line' id='line_1_25' title="bbox 387 1891 1884 1941; baseline -0.002 -11"><span class='ocrx_word' id='word_1_160' title='bbox 387 1897 461 1931; x_wconf 89' lang='lat' dir='ltr'>und</span> <span class='ocrx_word' id='word_1_161' title='bbox 487 1896 627 1931; x_wconf 88' lang='lat' dir='ltr'>konnte</span> <span class='ocrx_word' id='word_1_162' title='bbox 653 1896 884 1941; x_wconf 81' lang='lat' dir='ltr'>aufgegeben</span> <span class='ocrx_word' id='word_1_163' title='bbox 910 1895 1068 1931; x_wconf 88' lang='lat' dir='ltr'>werden.</span> <span class='ocrx_word' id='word_1_164' title='bbox 1106 1894 1351 1939; x_wconf 82' lang='lat' dir='ltr'>Aufgegeben</span> <span class='ocrx_word' id='word_1_165' title='bbox 1377 1894 1502 1928; x_wconf 88' lang='lat' dir='ltr'>wurde</span> <span class='ocrx_word' id='word_1_166' title='bbox 1528 1893 1625 1928; x_wconf 84' lang='lat' dir='ltr'>daun</span> <span class='ocrx_word' id='word_1_167' title='bbox 1643 1893 1702 1928; x_wconf 90' lang='lat' dir='ltr'>die</span> <span class='ocrx_word' id='word_1_168' title='bbox 1720 1891 1884 1928; x_wconf 89' lang='lat' dir='ltr'>bezeich-</span> 
     </span>
     <span class='ocr_line' id='line_1_26' title="bbox 386 1951 1299 1998; baseline -0.003 -10"><span class='ocrx_word' id='word_1_169' title='bbox 386 1964 487 1998; x_wconf 84' lang='lat' dir='ltr'>nung</span> <span class='ocrx_word' id='word_1_170' title='bbox 512 1953 577 1988; x_wconf 87' lang='lat' dir='ltr'>der</span> <span class='ocrx_word' id='word_1_171' title='bbox 601 1953 875 1998; x_wconf 67' lang='lat' dir='ltr'>abhangigkeit,</span> <span class='ocrx_word' id='word_1_172' title='bbox 901 1952 999 1987; x_wconf 80' lang='lat' dir='ltr'>nicht</span> <span class='ocrx_word' id='word_1_173' title='bbox 1026 1952 1127 1987; x_wconf 89' lang='lat' dir='ltr'>diese</span> <span class='ocrx_word' id='word_1_174' title='bbox 1153 1951 1299 1986; x_wconf 83' lang='lat' dir='ltr'>selbst.“</span> 
     </span>
    </p>
   </div>
   <div class='ocr_carea' id='block_1_5' title="bbox 388 2018 1889 2918">
    <p class='ocr_par' dir='ltr' id='par_1_9' title="bbox 388 2018 1889 2918">
     <span class='ocr_line' id='line_1_27' title="bbox 504 2018 1886 2066; baseline -0.003 -9"><span class='ocrx_word' id='word_1_175' title='bbox 504 2022 529 2066; x_wconf 85' lang='lat'>¹)</span> <span class='ocrx_word' id='word_1_176' title='bbox 557 2020 608 2057; x_wconf 83' lang='lat' dir='ltr'>Cf.</span> <span class='ocrx_word' id='word_1_177' title='bbox 636 2021 821 2065; x_wconf 87' lang='lat' dir='ltr'>Klemens,</span> <span class='ocrx_word' id='word_1_178' title='bbox 848 2021 905 2056; x_wconf 93' lang='grc'><strong>1.1.</strong></span> <span class='ocrx_word' id='word_1_179' title='bbox 925 2033 958 2065; x_wconf 89' lang='lat' dir='ltr'>p.</span> <span class='ocrx_word' id='word_1_180' title='bbox 977 2025 1013 2056; x_wconf 78' lang='lat'>6:</span> <span class='ocrx_word' id='word_1_181' title='bbox 1054 2021 1142 2064; x_wconf 86' lang='lat' dir='ltr'>„Die</span> <span class='ocrx_word' id='word_1_182' title='bbox 1168 2023 1390 2064; x_wconf 85' lang='lat' dir='ltr'>ausgesagte</span> <span class='ocrx_word' id='word_1_183' title='bbox 1417 2019 1543 2063; x_wconf 82' lang='lat' dir='ltr'>Sache,</span> <span class='ocrx_word' id='word_1_184' title='bbox 1575 2018 1704 2054; x_wconf 86' lang='lat' dir='ltr'>sobald</span> <span class='ocrx_word' id='word_1_185' title='bbox 1729 2018 1782 2053; x_wconf 88' lang='lat' dir='ltr'>sie</span> <span class='ocrx_word' id='word_1_186' title='bbox 1806 2027 1886 2053; x_wconf 86' lang='lat' dir='ltr'>aus-</span> 
     </span>
     <span class='ocr_line' id='line_1_28' title="bbox 389 2075 1885 2122; baseline -0.003 -9"><span class='ocrx_word' id='word_1_187' title='bbox 389 2078 577 2113; x_wconf 80' lang='lat' dir='ltr'>driicklich</span> <span class='ocrx_word' id='word_1_188' title='bbox 608 2079 672 2113; x_wconf 86' lang='lat' dir='ltr'>der</span> <span class='ocrx_word' id='word_1_189' title='bbox 705 2079 933 2114; x_wconf 81' lang='lat' dir='ltr'>mittelbaren</span> <span class='ocrx_word' id='word_1_190' title='bbox 968 2078 1179 2122; x_wconf 81' lang='lat' dir='ltr'>Beziehung</span> <span class='ocrx_word' id='word_1_191' title='bbox 1212 2088 1291 2111; x_wconf 90' lang='lat' dir='ltr'>zum</span> <span class='ocrx_word' id='word_1_192' title='bbox 1320 2075 1578 2112; x_wconf 87' lang='lat' dir='ltr'>Schriftsteller</span> <span class='ocrx_word' id='word_1_193' title='bbox 1602 2096 1645 2099; x_wconf 81' lang='lat'>—</span> <span class='ocrx_word' id='word_1_194' title='bbox 1671 2075 1761 2110; x_wconf 89' lang='lat' dir='ltr'>oder</span> <span class='ocrx_word' id='word_1_195' title='bbox 1791 2075 1885 2118; x_wconf 89' lang='lat' dir='ltr'>dem,</span> 
     </span>
     <span class='ocr_line' id='line_1_29' title="bbox 388 2131 1886 2179; baseline -0.001 -10"><span class='ocrx_word' id='word_1_196' title='bbox 388 2136 453 2171; x_wconf 88' lang='lat' dir='ltr'>der</span> <span class='ocrx_word' id='word_1_197' title='bbox 477 2146 521 2169; x_wconf 86' lang='lat' dir='ltr'>an</span> <span class='ocrx_word' id='word_1_198' title='bbox 548 2136 668 2170; x_wconf 87' lang='lat' dir='ltr'>seiner</span> <span class='ocrx_word' id='word_1_199' title='bbox 685 2135 798 2170; x_wconf 85' lang='lat' dir='ltr'>Stelle</span> <span class='ocrx_word' id='word_1_200' title='bbox 823 2135 961 2171; x_wconf 89' lang='lat' dir='ltr'>redend</span> <span class='ocrx_word' id='word_1_201' title='bbox 989 2134 1196 2179; x_wconf 81' lang='lat' dir='ltr'>eingefiihrt</span> <span class='ocrx_word' id='word_1_202' title='bbox 1221 2134 1310 2168; x_wconf 88' lang='lat' dir='ltr'>wird</span> <span class='ocrx_word' id='word_1_203' title='bbox 1335 2154 1378 2157; x_wconf 97' lang='lat'><strong>—</strong></span> <span class='ocrx_word' id='word_1_204' title='bbox 1404 2136 1586 2177; x_wconf 84' lang='lat' dir='ltr'>entzogen</span> <span class='ocrx_word' id='word_1_205' title='bbox 1611 2132 1687 2167; x_wconf 86' lang='lat' dir='ltr'>und</span> <span class='ocrx_word' id='word_1_206' title='bbox 1704 2132 1769 2166; x_wconf 89' lang='lat' dir='ltr'>mit</span> <span class='ocrx_word' id='word_1_207' title='bbox 1787 2131 1886 2167; x_wconf 88' lang='lat' dir='ltr'>einer</span> 
     </span>
     <span class='ocr_line' id='line_1_30' title="bbox 388 2189 1886 2235; baseline -0.003 -8"><span class='ocrx_word' id='word_1_208' title='bbox 388 2193 546 2228; x_wconf 84' lang='lat' dir='ltr'>anderen</span> <span class='ocrx_word' id='word_1_209' title='bbox 573 2193 652 2227; x_wconf 86' lang='lat' dir='ltr'>Zeit</span> <span class='ocrx_word' id='word_1_210' title='bbox 677 2193 750 2227; x_wconf 88' lang='lat' dir='ltr'>und</span> <span class='ocrx_word' id='word_1_211' title='bbox 776 2193 858 2227; x_wconf 90' lang='lat' dir='ltr'>dem</span> <span class='ocrx_word' id='word_1_212' title='bbox 885 2192 968 2227; x_wconf 85' lang='lat' dir='ltr'>dort</span> <span class='ocrx_word' id='word_1_213' title='bbox 992 2192 1214 2226; x_wconf 84' lang='lat' dir='ltr'>wirksamen</span> <span class='ocrx_word' id='word_1_214' title='bbox 1240 2190 1397 2235; x_wconf 73' lang='lat' dir='ltr'>SubJ&#39;ekt</span> <span class='ocrx_word' id='word_1_215' title='bbox 1421 2190 1457 2224; x_wconf 91' lang='lat' dir='ltr'>in</span> <span class='ocrx_word' id='word_1_216' title='bbox 1482 2199 1624 2234; x_wconf 85' lang='lat' dir='ltr'>genaue</span> <span class='ocrx_word' id='word_1_217' title='bbox 1646 2189 1886 2233; x_wconf 84' lang='lat' dir='ltr'>Verbindung</span> 
     </span>
     <span class='ocr_line' id='line_1_31' title="bbox 388 2245 1887 2294; baseline -0.003 -9"><span class='ocrx_word' id='word_1_218' title='bbox 388 2250 564 2294; x_wconf 81' lang='lat' dir='ltr'>gebracht</span> <span class='ocrx_word' id='word_1_219' title='bbox 595 2250 700 2294; x_wconf 87' lang='lat' dir='ltr'>wird,</span> <span class='ocrx_word' id='word_1_220' title='bbox 736 2260 836 2284; x_wconf 90' lang='lat' dir='ltr'>muss</span> <span class='ocrx_word' id='word_1_221' title='bbox 868 2249 1028 2284; x_wconf 87' lang='lat' dir='ltr'>dadurch</span> <span class='ocrx_word' id='word_1_222' title='bbox 1063 2248 1260 2292; x_wconf 87' lang='lat' dir='ltr'>allerdings</span> <span class='ocrx_word' id='word_1_223' title='bbox 1294 2248 1328 2282; x_wconf 90' lang='lat' dir='ltr'>in</span> <span class='ocrx_word' id='word_1_224' title='bbox 1362 2247 1457 2281; x_wconf 87' lang='lat' dir='ltr'>ihrer</span> <span class='ocrx_word' id='word_1_225' title='bbox 1481 2246 1641 2290; x_wconf 88' lang='lat' dir='ltr'>Geltung</span> <span class='ocrx_word' id='word_1_226' title='bbox 1665 2245 1887 2281; x_wconf 67' lang='lat' dir='ltr'>beschrankt</span> 
     </span>
     <span class='ocr_line' id='line_1_32' title="bbox 389 2301 1885 2351; baseline -0.004 -10"><span class='ocrx_word' id='word_1_227' title='bbox 389 2307 556 2351; x_wconf 86' lang='lat' dir='ltr'>werden,</span> <span class='ocrx_word' id='word_1_228' title='bbox 595 2307 684 2342; x_wconf 87' lang='lat' dir='ltr'>oder</span> <span class='ocrx_word' id='word_1_229' title='bbox 717 2307 892 2342; x_wconf 91' lang='lat' dir='ltr'>vielmehr</span> <span class='ocrx_word' id='word_1_230' title='bbox 925 2307 977 2341; x_wconf 89' lang='lat' dir='ltr'>sie</span> <span class='ocrx_word' id='word_1_231' title='bbox 1010 2306 1059 2341; x_wconf 88' lang='lat' dir='ltr'>ist</span> <span class='ocrx_word' id='word_1_232' title='bbox 1089 2305 1190 2339; x_wconf 84' lang='lat' dir='ltr'>nicht</span> <span class='ocrx_word' id='word_1_233' title='bbox 1220 2304 1361 2339; x_wconf 89' lang='lat' dir='ltr'>sowohl</span> <span class='ocrx_word' id='word_1_234' title='bbox 1394 2303 1451 2338; x_wconf 83' lang='lat' dir='ltr'>fiir</span> <span class='ocrx_word' id='word_1_235' title='bbox 1483 2303 1557 2338; x_wconf 87' lang='lat' dir='ltr'>sich</span> <span class='ocrx_word' id='word_1_236' title='bbox 1589 2302 1696 2350; x_wconf 85' lang='lat' dir='ltr'>allein</span> <span class='ocrx_word' id='word_1_237' title='bbox 1729 2301 1885 2347; x_wconf 87' lang='lat' dir='ltr'>wichtig,</span> 
     </span>
     <span class='ocr_line' id='line_1_33' title="bbox 389 2359 1887 2407; baseline -0.003 -9"><span class='ocrx_word' id='word_1_238' title='bbox 389 2364 546 2399; x_wconf 89' lang='lat' dir='ltr'>sondern</span> <span class='ocrx_word' id='word_1_239' title='bbox 580 2364 641 2398; x_wconf 84' lang='lat' dir='ltr'>hat</span> <span class='ocrx_word' id='word_1_240' title='bbox 673 2363 748 2399; x_wconf 90' lang='lat' dir='ltr'>ihre</span> <span class='ocrx_word' id='word_1_241' title='bbox 783 2363 1001 2407; x_wconf 85' lang='lat' dir='ltr'>cigentliche</span> <span class='ocrx_word' id='word_1_242' title='bbox 1026 2363 1245 2406; x_wconf 84' lang='lat' dir='ltr'>Bedeutung</span> <span class='ocrx_word' id='word_1_243' title='bbox 1278 2365 1364 2404; x_wconf 84' lang='lat' dir='ltr'>erst,</span> <span class='ocrx_word' id='word_1_244' title='bbox 1398 2359 1560 2395; x_wconf 86' lang='lat' dir='ltr'>insofern</span> <span class='ocrx_word' id='word_1_245' title='bbox 1586 2359 1638 2394; x_wconf 85' lang='lat' dir='ltr'>sie</span> <span class='ocrx_word' id='word_1_246' title='bbox 1664 2359 1797 2403; x_wconf 84' lang='lat' dir='ltr'>gerade</span> <span class='ocrx_word' id='word_1_247' title='bbox 1823 2359 1887 2393; x_wconf 84' lang='lat' dir='ltr'>mit</span> 
     </span>
     <span class='ocr_line' id='line_1_34' title="bbox 389 2416 1886 2466; baseline -0.004 -10"><span class='ocrx_word' id='word_1_248' title='bbox 389 2421 527 2456; x_wconf 86' lang='lat' dir='ltr'>diesem</span> <span class='ocrx_word' id='word_1_249' title='bbox 562 2421 718 2466; x_wconf 83' lang='lat' dir='ltr'>Subjekt</span> <span class='ocrx_word' id='word_1_250' title='bbox 751 2421 785 2455; x_wconf 90' lang='lat' dir='ltr'>in</span> <span class='ocrx_word' id='word_1_251' title='bbox 813 2420 1054 2466; x_wconf 83' lang='lat' dir='ltr'>Verbindung</span> <span class='ocrx_word' id='word_1_252' title='bbox 1086 2418 1259 2463; x_wconf 83' lang='lat' dir='ltr'>gebracht</span> <span class='ocrx_word' id='word_1_253' title='bbox 1294 2418 1392 2452; x_wconf 87' lang='lat' dir='ltr'>wird.</span> <span class='ocrx_word' id='word_1_254' title='bbox 1455 2417 1609 2452; x_wconf 87' lang='lat' dir='ltr'>Hieraus</span> <span class='ocrx_word' id='word_1_255' title='bbox 1643 2416 1779 2451; x_wconf 71' lang='lat' dir='ltr'>erklart</span> <span class='ocrx_word' id='word_1_256' title='bbox 1810 2416 1886 2451; x_wconf 89' lang='lat' dir='ltr'>sich</span> 
     </span>
     <span class='ocr_line' id='line_1_35' title="bbox 389 2473 1887 2520; baseline -0.004 -7"><span class='ocrx_word' id='word_1_257' title='bbox 389 2479 453 2513; x_wconf 86' lang='lat' dir='ltr'>der</span> <span class='ocrx_word' id='word_1_258' title='bbox 485 2478 683 2513; x_wconf 84' lang='lat' dir='ltr'>manchmal</span> <span class='ocrx_word' id='word_1_259' title='bbox 718 2478 952 2513; x_wconf 86' lang='lat' dir='ltr'>vorhandene</span> <span class='ocrx_word' id='word_1_260' title='bbox 977 2476 1186 2520; x_wconf 83' lang='lat' dir='ltr'>Eindruck‚</span> <span class='ocrx_word' id='word_1_261' title='bbox 1221 2475 1273 2510; x_wconf 89' lang='lat' dir='ltr'>als</span> <span class='ocrx_word' id='word_1_262' title='bbox 1308 2475 1355 2510; x_wconf 92' lang='lat' dir='ltr'>ob</span> <span class='ocrx_word' id='word_1_263' title='bbox 1388 2475 1452 2509; x_wconf 86' lang='lat' dir='ltr'>das</span> <span class='ocrx_word' id='word_1_264' title='bbox 1478 2475 1524 2508; x_wconf 92' lang='lat' dir='ltr'>im</span> <span class='ocrx_word' id='word_1_265' title='bbox 1552 2473 1700 2518; x_wconf 81' lang='lat' dir='ltr'>Optativ</span> <span class='ocrx_word' id='word_1_266' title='bbox 1725 2473 1887 2518; x_wconf 83' lang='lat' dir='ltr'>Gesagte</span> 
     </span>
     <span class='ocr_line' id='line_1_36' title="bbox 390 2530 1889 2580; baseline -0.004 -10"><span class='ocrx_word' id='word_1_267' title='bbox 390 2536 470 2570; x_wconf 88' lang='lat' dir='ltr'>eine</span> <span class='ocrx_word' id='word_1_268' title='bbox 495 2535 684 2580; x_wconf 80' lang='lat' dir='ltr'>geringere</span> <span class='ocrx_word' id='word_1_269' title='bbox 702 2534 921 2570; x_wconf 85' lang='lat' dir='ltr'>Gewissheit</span> <span class='ocrx_word' id='word_1_270' title='bbox 946 2532 1210 2577; x_wconf 83' lang='lat' dir='ltr'>beanspruche,</span> <span class='ocrx_word' id='word_1_271' title='bbox 1235 2533 1287 2566; x_wconf 86' lang='lat' dir='ltr'>als</span> <span class='ocrx_word' id='word_1_272' title='bbox 1313 2542 1386 2566; x_wconf 89' lang='lat' dir='ltr'>was</span> <span class='ocrx_word' id='word_1_273' title='bbox 1411 2532 1459 2565; x_wconf 90' lang='lat' dir='ltr'>im</span> <span class='ocrx_word' id='word_1_274' title='bbox 1479 2530 1664 2566; x_wconf 86' lang='lat' dir='ltr'>Indikativ</span> <span class='ocrx_word' id='word_1_275' title='bbox 1689 2532 1889 2574; x_wconf 83' lang='lat' dir='ltr'>ausgesagt</span> 
     </span>
     <span class='ocr_line' id='line_1_37' title="bbox 389 2586 1887 2635; baseline -0.003 -10"><span class='ocrx_word' id='word_1_276' title='bbox 389 2592 466 2626; x_wconf 76' lang='lat' dir='ltr'>ist.“</span> <span class='ocrx_word' id='word_1_277' title='bbox 541 2593 570 2635; x_wconf 69' lang='grc'>2)</span> <span class='ocrx_word' id='word_1_278' title='bbox 596 2591 717 2635; x_wconf 84' lang='lat' dir='ltr'>Aken,</span> <span class='ocrx_word' id='word_1_279' title='bbox 743 2591 906 2635; x_wconf 87' lang='lat' dir='ltr'>Tempus</span> <span class='ocrx_word' id='word_1_280' title='bbox 932 2590 1007 2624; x_wconf 86' lang='lat' dir='ltr'>und</span> <span class='ocrx_word' id='word_1_281' title='bbox 1032 2589 1163 2624; x_wconf 85' lang='lat' dir='ltr'>Modus</span> <span class='ocrx_word' id='word_1_282' title='bbox 1191 2589 1209 2634; x_wconf 66' lang='grc' dir='ltr'><strong>ξ</strong></span> <span class='ocrx_word' id='word_1_283' title='bbox 1230 2592 1289 2623; x_wconf 80' lang='lat'>103</span> <span class='ocrx_word' id='word_1_284' title='bbox 1306 2600 1398 2632; x_wconf 68' lang='lat' dir='ltr'>sqq,</span> <span class='ocrx_word' id='word_1_285' title='bbox 1432 2588 1597 2622; x_wconf 89' lang='lat' dir='ltr'>diversas</span> <span class='ocrx_word' id='word_1_286' title='bbox 1621 2586 1686 2621; x_wconf 84' lang='lat' dir='ltr'>has</span> <span class='ocrx_word' id='word_1_287' title='bbox 1713 2586 1887 2621; x_wconf 85' lang='lat' dir='ltr'>orationis</span> 
     </span>
     <span class='ocr_line' id='line_1_38' title="bbox 391 2643 1888 2693; baseline -0.004 -10"><span class='ocrx_word' id='word_1_288' title='bbox 391 2648 560 2693; x_wconf 83' lang='lat' dir='ltr'>obliquae</span> <span class='ocrx_word' id='word_1_289' title='bbox 586 2652 786 2683; x_wconf 82' lang='lat' dir='ltr'>structuras</span> <span class='ocrx_word' id='word_1_290' title='bbox 811 2648 861 2682; x_wconf 88' lang='lat' dir='ltr'>ita</span> <span class='ocrx_word' id='word_1_291' title='bbox 886 2647 1059 2690; x_wconf 85' lang='lat' dir='ltr'>expedire</span> <span class='ocrx_word' id='word_1_292' title='bbox 1085 2649 1247 2689; x_wconf 83' lang='lat' dir='ltr'>conatur,</span> <span class='ocrx_word' id='word_1_293' title='bbox 1276 2649 1314 2680; x_wconf 89' lang='lat' dir='ltr'>nt</span> <span class='ocrx_word' id='word_1_294' title='bbox 1332 2645 1526 2679; x_wconf 87' lang='lat' dir='ltr'>discrimen</span> <span class='ocrx_word' id='word_1_295' title='bbox 1544 2644 1644 2688; x_wconf 90' lang='lat' dir='ltr'>illud,</span> <span class='ocrx_word' id='word_1_296' title='bbox 1670 2643 1770 2688; x_wconf 88' lang='lat' dir='ltr'>quod</span> <span class='ocrx_word' id='word_1_297' title='bbox 1795 2643 1888 2677; x_wconf 87' lang='lat' dir='ltr'>inter</span> 
     </span>
     <span class='ocr_line' id='line_1_39' title="bbox 391 2701 1885 2744; baseline -0.005 -4"><span class='ocrx_word' id='word_1_298' title='bbox 391 2706 619 2741; x_wconf 85' lang='lat' dir='ltr'>accusativos</span> <span class='ocrx_word' id='word_1_299' title='bbox 638 2705 820 2740; x_wconf 81' lang='lat' dir='ltr'>verbalem</span> <span class='ocrx_word' id='word_1_300' title='bbox 847 2704 906 2739; x_wconf 91' lang='lat' dir='ltr'>vel</span> <span class='ocrx_word' id='word_1_301' title='bbox 931 2704 1140 2739; x_wconf 86' lang='lat' dir='ltr'>effectivum</span> <span class='ocrx_word' id='word_1_302' title='bbox 1167 2706 1203 2736; x_wconf 84' lang='lat' dir='ltr'>et</span> <span class='ocrx_word' id='word_1_303' title='bbox 1228 2702 1455 2737; x_wconf 78' lang='lat' dir='ltr'>transitivum</span> <span class='ocrx_word' id='word_1_304' title='bbox 1482 2701 1663 2744; x_wconf 85' lang='lat' dir='ltr'>statuitur,</span> <span class='ocrx_word' id='word_1_305' title='bbox 1689 2703 1885 2743; x_wconf 83' lang='lat' dir='ltr'>comparet.</span> 
     </span>
     <span class='ocr_line' id='line_1_40' title="bbox 392 2756 1887 2804; baseline -0.004 -8"><span class='ocrx_word' id='word_1_306' title='bbox 392 2762 651 2801; x_wconf 84' lang='lat' dir='ltr'>(Accusativus</span> <span class='ocrx_word' id='word_1_307' title='bbox 677 2766 797 2797; x_wconf 87' lang='lat' dir='ltr'>autem</span> <span class='ocrx_word' id='word_1_308' title='bbox 816 2761 973 2796; x_wconf 84' lang='lat' dir='ltr'>verbalis</span> <span class='ocrx_word' id='word_1_309' title='bbox 992 2760 1202 2804; x_wconf 83' lang='lat' dir='ltr'>appellatur,</span> <span class='ocrx_word' id='word_1_310' title='bbox 1229 2759 1259 2794; x_wconf 91' lang='lat' dir='ltr'>si</span> <span class='ocrx_word' id='word_1_311' title='bbox 1277 2770 1334 2794; x_wconf 89' lang='lat' dir='ltr'>res</span> <span class='ocrx_word' id='word_1_312' title='bbox 1353 2770 1397 2794; x_wconf 91' lang='lat' dir='ltr'>eo</span> <span class='ocrx_word' id='word_1_313' title='bbox 1415 2761 1541 2793; x_wconf 83' lang='lat' dir='ltr'>notata</span> <span class='ocrx_word' id='word_1_314' title='bbox 1557 2757 1724 2792; x_wconf 87' lang='lat' dir='ltr'>faciendo</span> <span class='ocrx_word' id='word_1_315' title='bbox 1742 2756 1887 2791; x_wconf 91' lang='lat' dir='ltr'>demum</span> 
     </span>
     <span class='ocr_line' id='line_1_41' title="bbox 392 2813 1886 2864; baseline -0.005 -10"><span class='ocrx_word' id='word_1_316' title='bbox 392 2831 446 2862; x_wconf 87' lang='lat' dir='ltr'>eo,</span> <span class='ocrx_word' id='word_1_317' title='bbox 474 2819 712 2864; x_wconf 33' lang='lat' dir='ltr'>quodgverbo</span> <span class='ocrx_word' id='word_1_318' title='bbox 739 2819 972 2863; x_wconf 80' lang='lat' dir='ltr'>significatur,</span> <span class='ocrx_word' id='word_1_319' title='bbox 999 2816 1170 2860; x_wconf 78' lang='lat' dir='ltr'>efficitur3</span> <span class='ocrx_word' id='word_1_320' title='bbox 1196 2816 1407 2851; x_wconf 80' lang='lat' dir='ltr'>transitivus</span> <span class='ocrx_word' id='word_1_321' title='bbox 1434 2819 1564 2858; x_wconf 81' lang='lat' dir='ltr'>autem,</span> <span class='ocrx_word' id='word_1_322' title='bbox 1592 2815 1622 2849; x_wconf 89' lang='lat' dir='ltr'>si</span> <span class='ocrx_word' id='word_1_323' title='bbox 1647 2814 1709 2849; x_wconf 86' lang='lat' dir='ltr'>illa</span> <span class='ocrx_word' id='word_1_324' title='bbox 1734 2823 1792 2848; x_wconf 88' lang='lat' dir='ltr'>res</span> <span class='ocrx_word' id='word_1_325' title='bbox 1818 2813 1886 2847; x_wconf 86' lang='lat' dir='ltr'>iam</span> 
     </span>
     <span class='ocr_line' id='line_1_42' title="bbox 393 2869 1886 2918; baseline -0.005 -5"><span class='ocrx_word' id='word_1_326' title='bbox 393 2879 475 2913; x_wconf 80' lang='lat' dir='ltr'>ante</span> <span class='ocrx_word' id='word_1_327' title='bbox 500 2875 704 2912; x_wconf 85' lang='lat' dir='ltr'>faciendum</span> <span class='ocrx_word' id='word_1_328' title='bbox 731 2875 899 2911; x_wconf 79' lang='lat' dir='ltr'>exstabat</span> <span class='ocrx_word' id='word_1_329' title='bbox 923 2874 1165 2918; x_wconf 85' lang='lat' dir='ltr'>faciendoque</span> <span class='ocrx_word' id='word_1_330' title='bbox 1192 2876 1329 2908; x_wconf 84' lang='lat' dir='ltr'>tantum</span> <span class='ocrx_word' id='word_1_331' title='bbox 1356 2872 1532 2908; x_wconf 82' lang='lat' dir='ltr'>relatione</span> <span class='ocrx_word' id='word_1_332' title='bbox 1556 2870 1706 2916; x_wconf 84' lang='lat' dir='ltr'>passiva</span> <span class='ocrx_word' id='word_1_333' title='bbox 1721 2869 1886 2906; x_wconf 87' lang='lat' dir='ltr'>afficitur.</span> 
     </span>
    </p>
   </div>
  </div>
 </body>
</html>
