2084 3342
375 222 424 257 22

375 330 598 369 causalibus
636 333 764 379 potius
801 331 1037 370 adnumeres
1069 331 1133 378 (cf.
1158 331 1351 380 59,116),
1391 332 1536 372 deinde
1567 346 1645 383 eas,
1685 347 1787 384 quae
1817 336 1855 373 in

373 398 567 447 particula
599 386 676 443 aig,
710 399 774 436 ubi
807 401 1005 437 notionem
1039 403 1077 437 et
1109 400 1306 438 causalem
1338 404 1377 438 et
1406 402 1663 450 temporalem
1698 402 1857 441 videtur

374 466 530 514 habere,
561 470 599 504 et
629 467 667 504 in
700 467 831 505 multis
862 467 937 505 illis
968 468 1172 506 vocabulis
1206 469 1352 518 insunt,
1386 480 1486 518 quae
1510 481 1557 507 ex
1580 469 1654 508 alio
1679 471 1716 508 in
1739 471 1856 510 alium

373 532 634 583 significatum
668 546 738 583 per
770 535 912 573 multos
944 535 1089 574 medios
1122 535 1306 585 paulatim
1339 539 1560 580 transeunt3
1593 549 1691 586 quos
1722 550 1857 577 omnes

371 601 410 637 in
456 601 545 638 vivo
592 600 831 640 Graecorum
877 614 1057 641 sermone
1108 615 1308 652 nunquam
1354 603 1452 641 adeo
1501 604 1692 643 discretos
1737 604 1857 643 fuisse

372 668 502 717 credo,
548 672 590 706 ut
630 670 835 720 quisquam
878 670 1066 719 Graecus,
1112 671 1262 709 etiamsi
1304 672 1406 709 omni
1450 684 1528 721 qua
1565 684 1637 710 nos
1678 672 1858 711 doctrina

371 737 587 775 instructus
633 736 790 788 fuisset,
841 739 958 776 certis
1002 738 1145 776 finibus
1191 751 1258 777 eos
1303 739 1627 778 circumscribere
1673 741 1858 790 potuerit.

370 804 446 844 Sed
477 803 575 842 haec
606 805 817 855 hactenus,
858 819 906 844 ne
939 806 1083 845 diutius
1115 807 1153 844 in
1184 808 1230 845 iis
1263 820 1568 857 commoremur,
1608 821 1709 858 quae
1741 810 1856 848 modo

371 872 568 922 appendix
602 877 640 911 et
670 873 843 912 defensio
876 887 1011 913 eorum
1043 877 1145 924 sunt,
1177 887 1279 925 quae
1311 877 1428 913 antea
1459 878 1633 925 exposui.
1657 897 1710 902 —

483 940 564 978 Iam
603 953 730 990 pauca
771 941 818 979 de
850 942 895 980 iis
927 931 1011 979 ὅτι
1048 946 1085 980 et
1122 937 1189 987 ὠς
1221 943 1365 989 dicam,
1408 956 1510 993 quae
1541 956 1563 982 a
1595 945 1703 983 nullo
1735 945 1856 984 verbo

368 1007 583 1057 pendentia
621 1009 788 1048 eundem
826 1022 985 1048 sensum
1029 1011 1194 1061 habent,
1237 1024 1351 1061 quem
1393 1011 1643 1050 Latinorum:
1687 1013 1856 1063 „quod,

370 1076 494 1126 quod
527 1078 702 1116 attinet
733 1074 817 1116 ad“
851 1083 888 1117 et
919 1082 1142 1117 nostrorum
1172 1092 1275 1130 „was
1308 1079 1379 1118 das
1411 1080 1575 1127 betrifft,
1617 1081 1726 1129 dass,
1766 1094 1854 1120 zum

368 1145 544 1183 Beweise
577 1141 702 1184 dass“.
763 1146 874 1194 Quae
908 1148 946 1185 in
980 1148 1025 1185 iis
1057 1149 1272 1198 praecipue
1304 1148 1482 1187 formulis
1513 1153 1741 1200 occurrunt,
1773 1151 1856 1200 qui-

369 1212 441 1251 bus
482 1216 614 1251 orator
656 1214 709 1251 uti
751 1214 861 1260 solet,
908 1227 993 1253 cum
1027 1215 1077 1253 ad
1109 1216 1335 1254 testimonia
1365 1217 1570 1255 afferenda
1601 1218 1751 1264 transit,
1797 1221 1855 1256 ut:

369 1271 436 1318 ὅτι
470 1270 508 1318 δ’
525 1270 644 1318 οὕτω
666 1273 792 1319 ταῦτ’
811 1275 905 1332 ἔχει,
927 1279 1021 1333 λέγε
1044 1294 1118 1333 μοι.
1140 1277 1190 1320 τὸ
1214 1276 1416 1336 ψήφισμα
1441 1287 1581 1333 18,37;
1615 1285 1662 1322 cf.
1686 1288 1856 1331 23,159.

368 1351 433 1395 45,
450 1351 515 1387 46.
546 1369 600 1373 -
631 1352 780 1398 44,14.
811 1352 964 1400 58,42;
1001 1353 1148 1395 4913.
1194 1348 1267 1388 καὶ
1299 1341 1366 1389 ὅτι
1398 1344 1523 1389 ταῦτ’
1546 1343 1693 1405 ἀληθῆ
1726 1350 1880 1409 λέγω,

368 1409 490 1454 κάλει
512 1411 691 1454 τούτων
711 1411 816 1463 τούς
835 1406 1061 1469 μάρτυρας
1086 1422 1147 1468 18,
1168 1422 1262 1465 135;
1295 1421 1343 1458 cf.
1370 1423 1430 1466 18,
1451 1424 1540 1460 115.
1561 1424 1651 1460 137.
1687 1424 1855 1471 19,146.

371 1487 461 1523 161.
487 1488 577 1524 165.
604 1488 692 1524 170.
719 1489 809 1525 176.
854 1489 1026 1535 21,121.
1054 1491 1143 1527 174.
1188 1490 1361 1536 23,151.
1390 1491 1476 1528 183.
1520 1492 1583 1535 25,
1603 1492 1666 1528 62.
1709 1492 1855 1536 32,19.

368 1554 513 1601 3919.
552 1555 696 1600 3931.
734 1557 799 1602 40,
816 1557 879 1593 35.
917 1557 981 1603 43,
1000 1558 1062 1593 70.
1101 1558 1166 1603 45,
1184 1559 1246 1594 55.
1266 1559 1329 1595 53.
1368 1559 1433 1606 46,
1451 1560 1486 1596 3.
1524 1560 1670 1605 4933.
1710 1560 1855 1604 5910.

365 1623 431 1669 58,
447 1624 481 1659 8.
515 1624 578 1669 59,
597 1623 660 1660 32.
679 1624 742 1661 34.
760 1625 823 1660 47.
842 1625 906 1661 48.
925 1626 987 1662 61.
1008 1626 1069 1662 70.
1088 1626 1151 1662 84.
1173 1645 1227 1648 —
1253 1627 1313 1672 18,
1329 1627 1419 1663 211.
1453 1628 1515 1670 36,
1535 1628 1597 1663 21.
1617 1629 1680 1665 32.
1711 1630 1776 1674 44,
1791 1629 1854 1666 30.

365 1689 447 1738 (37,
464 1688 565 1739 43),
597 1702 812 1739 pronomen
851 1689 992 1728 ταῦτα
1035 1691 1145 1730 deest
1176 1683 1260 1739 (ὅτι
1295 1685 1445 1745 ἀληθῆ
1478 1689 1609 1743 λέγω)
1643 1693 1853 1741 20,115.¹)

365 1759 503 1806 33,13.
537 1760 752 1807 34,15.37.
785 1761 925 1806 35,22.
960 1762 1023 1805 53,
1038 1763 1102 1799 20.
1134 1763 1276 1806 54,29.
1309 1764 1447 1806 56,17.
1481 1764 1687 1809 59,24.-
1712 1765 1853 1811 50,11.

365 1829 428 1871 52,
446 1828 480 1865 8.
514 1847 566 1851 —-
610 1823 683 1863 καὶ
723 1819 809 1878 μὴν
850 1819 916 1865 ὅτι
959 1821 1040 1865 τὸν
1075 1825 1304 1867 Φίλιπποι*
1341 1825 1388 1866 ἐν
1414 1819 1721 1881 Ἑλλησπόντῳ
1753 1843 1854 1869 κατ-

364 1885 580 1942 ελάβομεν
611 1886 679 1941 ἄν,
711 1890 749 1932 εἴ
774 1907 838 1941 τις
867 1890 1074 1934 ἐπείθετό
1095 1908 1170 1946 μοι
1194 1927 1201 1934 .
1221 1928 1227 1934 .
1250 1928 1273 1943 .,
1305 1891 1428 1935 κάλει
1453 1892 1557 1943 τοὺς
1580 1894 1670 1936 ἐκεῖ
1689 1893 1853 1950 παρόν-

361 1973 439 2007 τας
475 1956 700 2012 μάρτυρας
735 1966 912 2011 19,162;
958 1966 1005 2002 cf.
1036 1968 1098 2014 19,
1115 1968 1179 2004 40.
1208 1968 1300 2004 297.
1347 1969 1411 2011 27,
1435 1970 1468 2005 7.
1516 1970 1578 2012 33,
1598 1970 1661 2006 26.
1708 1971 1771 2013 36,
1789 1970 1852 2007 48.

363 2032 670 2079 39213943.
712 2034 775 2080 38,
792 2036 828 2070 4.
870 2036 934 2081 44,
953 2035 1018 2072 30.
1057 2036 1205 2082 4977.
1246 2037 1311 2084 48,
1328 2038 1392 2073 47.
1410 2038 1473 2074 49.
1516 2038 1662 2080 4933.
1706 2038 1770 2084 50,
1791 2039 1853 2076 68.

362 2101 426 2147 59
446 2099 583 2147 17119.
615 2103 678 2146 53,
698 2102 761 2139 34.
794 2103 955 2149 (32,19.
988 2105 1052 2150 35,
1073 2105 1136 2140 22.
1168 2105 1233 2151 43,
1252 2105 1315 2142 70.
1348 2106 1411 2149 54,
1431 2103 1511 2150 29).
1531 2125 1587 2129 —
1617 2093 1676 2149 ὠς
1698 2100 1854 2142 τοίνυν

361 2158 485 2204 ταῦτ’
518 2157 663 2221 ἀληθῆ
695 2165 823 2219 λέγω,
856 2163 980 2207 κάλει
1009 2181 1083 2220 μοι
1105 2164 1282 2208 τούτων
1304 2165 1410 2216 τοὺς
1429 2165 1652 2222 μάρτυρας
1677 2175 1738 2222 19,
1755 2175 1851 2218 213;

361 2235 409 2273 cf.
432 2239 496 2284 21,
513 2239 578 2275 82.
617 2240 679 2282 25,
698 2240 761 2276 58.
799 2241 863 2285 27,
881 2241 945 2277 26.
964 2241 1028 2278 39.
1067 2242 1130 2287 29,
1145 2242 1180 2278 8.
1220 2242 1365 2289 36,10.
1387 2244 1448 2279 13.
1469 2244 1529 2280 16.
1549 2243 1610 2279 22.
1651 2243 1716 2290 37,
1733 2243 1851 2280 813.

362 2307 425 2349 39,
445 2307 508 2342 24.
527 2308 590 2344 38.
623 2307 769 2354 40,18.
801 2309 949 2354 47,10.
973 2310 1036 2346 24.
1058 2310 1123 2345 44.
1141 2310 1204 2346 51.
1224 2310 1287 2346 61.
1308 2307 1406 2355 672)
1437 2311 1502 2357 49,
1521 2311 1583 2347 22.
1623 2311 1768 2358 50,13.
1788 2312 1850 2349 28.

361 2375 505 2412 37.56.
545 2376 662 2424 54,9.
684 2378 745 2413 12.
785 2378 932 2420 55,12.
972 2379 1116 2425 57,27.
1135 2379 1198 2415 28.
1215 2379 1282 2419 43;
1335 2378 1474 2415 similia
1506 2379 1589 2415 sine
1622 2379 1851 2427 pronomine

360 2439 500 2478 ταῦτα
532 2442 718 2491 leguntur
751 2445 896 2491 21,93.
916 2447 1004 2482 107.
1028 2447 1117 2483 119.
1138 2448 1225 2483 167.
1273 2449 1337 2494 27,
1357 2448 1417 2484 17.
1436 2449 1498 2485 28.
1541 2449 1605 2494 29,
1623 2449 1686 2484 21.
1706 2449 1768 2485 26.
1787 2449 1851 2486 53.

361 2511 424 2555 33,
443 2512 478 2548 8.
499 2512 561 2548 12.
581 2514 642 2549 15.
684 2513 748 2559 36,
767 2514 830 2550 25.
849 2514 911 2550 35.
954 2514 1099 2561 38,13.
1141 2516 1206 2561 40,
1226 2516 1260 2551 7.
1297 2516 1362 2563 47,
1382 2517 1444 2552 27.
1463 2516 1526 2553 32.
1569 2518 1634 2564 52,
1653 2517 1687 2552 7.
1706 2518 1769 2553 21.
1788 2518 1851 2554 31.

362 2580 505 2626 5991.
526 2582 589 2617 25.
621 2582 929 2629 59,·23.4o.53.
951 2602 1004 2605 —
1036 2584 1183 2629 4945.
1215 2584 1440 2630 5913-
1471 2571 1531 2626 ὡς
1563 2579 1607 2621 d}
1639 2577 1719 2621 τὸν
1752 2576 1850 2621 υἱὸν

361 2639 555 2695 ἔπεμψεν
601 2637 623 2683 ὁ
670 2641 876 2697 Φρύνων,
934 2643 1053 2686 κάλει
1103 2644 1207 2701 [μοι]
1253 2642 1432 2687 τούτων
1478 2643 1582 2696 τοὺς
1626 2645 1850 2702 μάρτυρας

362 2716 538 2761 19239
571 2716 617 2752 cf.
643 2718 704 2755 27,
724 2718 759 2754 8.
793 2719 933 2765 3o,17.
952 2719 1016 2756 30.
1048 2721 1162 2767 31,4.
1196 2721 1336 2767 3919.
1369 2721 1511 2768 47,25.
1531 2723 1592 2758 27.
1610 2722 1675 2758 48.
1706 2722 1848 2768 4943.

481 2856 503 2897 1)
530 2854 601 2890 Sed
628 2852 733 2890 ταί-τ)
757 2857 839 2892 add.
866 2859 903 2891 L.
930 2869 962 2891 v.
989 2857 1073 2901 (Bk.
1099 2858 1192 2903 Tus).
1294 2860 1319 2903 2)
1346 2859 1417 2894 Sed
1444 2863 1562 2894 ταῦτα
1589 2859 1695 2895 deest
1719 2860 1753 2893 in
1778 2860 1848 2905 FQ.
