2132 3358
1646 203 1692 239 41

213 313 370 361 decies),
402 305 531 351 εἶπὸυ
552 314 655 361 (ter),
693 312 757 365 τῷ
779 305 900 364 λόγῳ
922 305 1122 363 παράγει),
1156 311 1396 363 λογοποιηῗ,
1428 307 1699 364 λογοποιοὺς

212 378 411 433 καθίημι,
442 380 665 433 μαρτυρῶ,
697 378 944 432 μαρτυρίαν
973 375 1239 432 ἐμβάλλομαι
1263 385 1367 430 (ter),
1401 379 1574 430 ψευόεῑς
1594 376 1697 432 μάρ-

212 461 348 500 τυρας
377 447 622 500 παρέχομαι
655 449 759 499 (bis),
802 444 1094 499 νεαιίεύομαι,
1133 440 1382 499 dicitrinum
1415 447 1563 487 πείθω
1595 446 1701 497 (ter),

212 511 444 568 ψεύδομαι.
507 519 746 556 Partieulam
789 508 857 555 ὅτι
900 518 1013 556 modo
1056 520 1122 567 48,
1141 521 1193 557 45
1227 512 1370 568 ἔλεγες
1511 508 1577 555 ὅτι
1609 510 1700 555 ἐδά-

214 579 356 631 νεισάς
390 597 465 635 μοι
497 586 565 633 (=
590 587 777 624 mentitus
809 584 867 632 es)
910 586 1059 634 inveni,
1102 587 1243 624 ceteris
1285 586 1380 624 locis
1420 575 1490 631 (ὃς.
1565 585 1701 624 Addas

213 656 276 701 28,
297 657 315 692 1
350 645 427 701 (ὥς
459 644 496 691 δ’
518 644 714 702 ὀφείλων
745 647 1042 705 ἐτελεύτησεν,
1079 644 1289 703 οὐδεμίαι)
1321 650 1564 703 παρέσχετο
1595 664 1700 703 μαρ-

210 718 397 771 τυρίαν),
440 725 504 770 23,
522 724 586 761 66.
625 725 688 767 25,
709 725 770 761 76.
811 725 1039 767 27‚49.51.
1078 724 1143 772 30,
1161 725 1224 762 36.
1244 726 1307 761 37.
1344 726 1409 771 46,
1428 725 1464 761 2.
1501 725 1565 770 47,
1583 725 1701 761 5.16.

215 793 276 829 17.
293 792 358 830 30.
390 792 454 838 48,
471 793 536 829 46.
568 794 632 840 53,
651 794 686 829 2.
719 794 784 841 57,
803 792 868 839 34,
901 791 964 829 ubi
989 791 1320 841 intellegendum:
1355 803 1483 840 neque
1505 803 1599 829 vero
1623 790 1699 828 ullo

209 859 430 897 testimonio
454 859 638 907 probavit
660 871 716 906 ca,
748 871 847 909 quae
871 859 1057 897 mentitus
1079 862 1137 897 est
1168 862 1251 904 etc„
1283 860 1346 896 vel
1371 859 1495 897 simile
1518 858 1623 908 quid.
1645 878 1701 883 -—

323 927 382 964 Ex
425 927 499 965 hac
539 930 668 965 autem
709 927 979 976 exemplorum
1022 927 1281 976 dispositione
1324 928 1490 976 primum
1523 930 1702 976 apparet,

209 996 290 1033 tres
321 995 511 1033 orationis
543 995 728 1045 obliquae
758 994 906 1033 formas
939 1007 1015 1033 non
1048 996 1102 1033 ita
1135 995 1237 1033 inter
1269 1007 1310 1033 se
1342 994 1512 1042 differre,
1556 997 1598 1032 ut
1633 995 1701 1032 ubi

209 1062 286 1100 alia
318 1066 543 1113 usurpetur,
576 1063 653 1101 alia
684 1063 807 1101 locum
842 1076 918 1101 non
953 1063 1111 1105 habeam
1145 1076 1231 1100 nam
1266 1063 1442 1111 exceptis
1465 1063 1600 1112 paucis
1623 1062 1700 1101 illis

209 1130 318 1180 locis,
360 1131 425 1169 ubi
467 1143 567 1181 quae
604 1132 816 1170 enuntiatis
849 1131 1096 1181 explicativis
1129 1132 1380 1169 continentur
1412 1133 1450 1169 et
1481 1130 1529 1168 ad
1562 1131 1699 1169 verbo-

208 1211 293 1237 rum
336 1200 556 1248 regentium
599 1203 638 1238 et
678 1199 727 1237 ad
772 1200 939 1238 oratoris
977 1203 1156 1249 tempora
1197 1200 1413 1249 pertinent,
1458 1198 1594 1237 iisdem
1628 1199 1700 1237 sub

210 1266 508 1313 conditionibus,
546 1268 629 1306 sive
661 1279 755 1306 vera
795 1268 877 1305 sive
909 1268 1009 1305 falsa
1041 1268 1282 1317 referuntur,
1319 1270 1356 1306 et
1387 1279 1504 1306 unam
1538 1271 1576 1306 et
1607 1267 1700 1305 alte-

208 1347 289 1373 ram
323 1339 362 1373 et
393 1336 546 1373 tertiam
580 1337 671 1385 poni
704 1337 973 1385 cognovimns.
1025 1337 1164 1386 Itaque
1197 1336 1374 1374 diversas
1395 1335 1701 1385 significationes

209 1402 355 1442 habere
388 1415 465 1441 non
489 1408 675 1453 possunt;
707 1404 811 1454 quod
836 1405 899 1454 qui
922 1404 1155 1454 docuerunt,
1184 1404 1233 1442 ad
1257 1405 1561 1443 absurdissimas
1582 1404 1700 1443 inter-

207 1471 447 1520 pretationes
479 1472 635 1510 adducti
668 1476 771 1522 sunt,
804 1473 1028 1523 ubicunque
1060 1473 1161 1511 idem
1184 1473 1348 1511 verbum
1383 1473 1538 1511 minimo
1571 1473 1699 1521 spatio

208 1540 443 1590 interposito
476 1540 534 1578 bis
565 1545 798 1590 usurpatum
833 1541 895 1579 hic
928 1554 1013 1579 cum
1049 1541 1277 1591 indicativo,
1308 1541 1388 1579 illic
1415 1553 1500 1579 cum
1525 1541 1699 1590 optativo

206 1607 380 1646 iunctum
414 1612 474 1646 est
504 1607 568 1655 (cf.
592 1610 655 1657 34,
674 1611 738 1647 47.
755 1611 838 1659 49),
881 1612 950 1647 aut
987 1609 1188 1647 indicativi
1224 1613 1262 1647 et
1294 1609 1459 1659 optativi
1490 1609 1626 1647 eodem
1661 1610 1698 1647 in

206 1676 411 1714 enuntiato
444 1677 656 1715 consociati
689 1680 780 1715 sunt
811 1677 874 1725 (cf.
909 1690 943 1726 p.
961 1680 1012 1717 35
1031 1676 1115 1727 sq),
1147 1682 1216 1716 aut
1246 1679 1283 1716 in
1316 1678 1531 1716 enuntiatis
1563 1689 1700 1716 secun·

206 1743 325 1782 dariis
358 1745 546 1783 orationis
578 1745 760 1795 obliquae
792 1745 977 1795 optativi,
1010 1746 1073 1784 ubi
1108 1747 1144 1784 in
1178 1746 1375 1796 primariis
1406 1745 1608 1784 indicativi
1642 1744 1700 1792 (ut

206 1811 375 1860 57,16),
423 1816 489 1851 aut
525 1813 575 1851 ibi
612 1813 834 1864 indicativi,
869 1814 931 1852 liic
967 1815 1132 1863 optativi
1167 1815 1424 1853 inveniuntur
1461 1815 1517 1857 (ut
1553 1816 1617 1862 50,
1635 1816 1700 1853 47.

206 1878 322 1927 50).¹)
355 1901 407 1906 ——
442 1881 594 1920 Deinde
627 1881 806 1920 diversas
838 1882 1029 1921 orationis
1062 1882 1242 1933 obliquae
1275 1882 1421 1921 formas
1455 1895 1502 1921 ex
1532 1882 1699 1921 diversis

205 1952 427 1999 temporum
466 1950 685 1999 rationibus
724 1951 981 2001 explicandas
1018 1963 1115 1997 esse,
1158 1964 1204 1990 ex
1237 1952 1371 1990 iisdem
1405 1952 1562 1990 elucere
1595 1951 1700 1990 vide·

205 2017 315 2062 tu1·.2)
362 2018 544 2068 Namque
577 2031 678 2068 quae
709 2031 779 2069 per
811 2020 1027 2058 orationem
1062 2020 1259 2069 obliquam
1283 2033 1306 2058 a
1328 2023 1506 2070 tempore
1528 2019 1698 2069 quodam

205 2087 421 2136 praeterito
469 2086 706 2135 pendentem
753 2087 994 2137 referuntur,
1039 2093 1078 2126 et
1121 2088 1169 2126 ad
1211 2088 1308 2126 illud
1349 2091 1387 2126 et
1431 2088 1481 2126 ad
1529 2088 1699 2126 oratoris

204 2157 359 2203 tempus
391 2153 528 2192 referri
563 2159 738 2204 possunt.
786 2155 887 2194 illud
919 2156 949 2194 si
981 2155 1034 2205 fit,
1066 2160 1244 2205 tempora
1275 2156 1463 2194 orationis
1494 2158 1627 2194 rectae
1659 2156 1697 2194 in

205 2222 383 2260 oratione
415 2223 574 2272 obliqua
606 2224 847 2274 retinentum
895 2224 1081 2274 modique
1113 2229 1181 2263 aut
1212 2228 1434 2274 servantur,
1474 2237 1551 2273 quo
1589 2227 1699 2263 recta

204 2294 422 2340 temporum
466 2292 668 2341 perceptio
710 2292 958 2331 auditoribus
1000 2294 1253 2342 permittitur,
1294 2296 1361 2331 aut
1402 2293 1454 2331 ita
1486 2296 1698 2338 mutantur,

203 2361 245 2396 ut
275 2359 440 2408 optativi
482 2359 519 2398 in
551 2360 854 2399 indicativorum
888 2361 994 2399 locos
1026 2361 1256 2411 succedant,
1297 2361 1439 2410 quibus
1478 2362 1696 2400 orationem

203 2426 401 2476 obliquam
432 2427 482 2465 ad
516 2429 623 2466 verbi
657 2428 812 2467 dicendi
836 2430 900 2468 vel
922 2429 1115 2468 sentiendi
1138 2434 1292 2479 tempus
1316 2430 1514 2479 pertinere
1537 2431 1697 2479 proprie

203 2493 496 2544 significatum-³)
548 2496 613 2536 Sin
647 2501 775 2535 autem
810 2510 857 2536 ex
891 2509 962 2536 suo
995 2498 1118 2548 ipsius
1149 2501 1325 2547 tempore
1358 2502 1490 2536 orator
1512 2498 1698 2548 loquitur,

320 2616 344 2659 ¹)
369 2615 423 2652 Cf.
441 2617 600 2661 Madvig,
628 2618 726 2653 Bem.
746 2629 779 2662 p.
795 2622 814 2653 9
831 2629 885 2663 sq.
948 2622 977 2662 ²)
1003 2619 1057 2654 Cf.
1077 2619 1250 2654 Klemens
1269 2620 1302 2653 in
1322 2619 1578 2654 dissertatione
1605 2630 1637 2662 p.
1654 2622 1695 2653 :34

202 2682 257 2707 an.
278 2675 285 2706 1
311 2673 430 2707 citata.
494 2674 524 2716 ³)
549 2673 603 2708 Cf.
621 2674 779 2719 Madvig,
805 2675 904 2710 Beni.
924 2686 959 2719 p.
978 2680 986 2710 l
1003 2680 1032 2709 l:
1061 2675 1157 2718 „Der
1183 2676 1324 2719 optativ
1351 2676 1397 2710 ist
1423 2676 1504 2711 eine
1522 2675 1696 2719 spezielle

201 2728 453 2774 bezeichnung
476 2730 542 2764 des
569 2735 688 2765 satzes
713 2731 766 2766 als
794 2732 895 2767 eines
914 2732 1074 2775 solchen,
1101 2733 1165 2767 ‹lcr
1185 2732 1348 2775 zugleich
1369 2732 1696 2776 untergeordnetes

201 2785 300 2829 glied
333 2786 385 2820 sei
417 2786 491 2820 und
525 2797 567 2821 zu
601 2787 717 2822 einen]
751 2787 966 2832 hauptsatze
998 2789 1062 2823 ‹ler
1094 2799 1349 2833 vergangenen
1385 2789 1455 2824 zeit
1480 2789 1626 2833 gehore.
1653 2809 1696 2814 —

202 2841 312 2880 Diesc
349 2842 522 2885 spezielle
557 2843 809 2889 bezeichnung
845 2845 911 2880 des
947 2856 1018 2879 von
1051 2846 1168 2880 eincm
1204 2846 1437 2890 praeteritum
1464 2845 1695 2891 abhiingigen
