2132 3358
1661 188 1712 225 59

339 307 408 344 llis
440 319 526 344 cum
560 308 654 345 loeis
687 305 941 355 comparandi
976 308 1083 342 suut:
1118 306 1222 349 7,14
1245 295 1418 340 δίκαιόν
1441 307 1574 351 φησιν
1597 292 1709 338 εἶναι

225 372 354 423 κοινῇ
390 365 631 422 φυλάττειν
663 363 768 419 τούς
799 368 848 411 ἐν
877 371 929 422 τῇ
962 365 1163 421 θαλάττῃ
1200 367 1566 420 κακουργοῦντας
1601 357 1715 418 ὑμᾶς

224 453 270 479 τε
314 439 387 479 καὶ,
427 434 594 485 αὑτόνς
644 444 776 491 17,18
807 431 920 490 πρὸς
949 439 1084 478 τοῦτο
1118 435 1163 477 δὲ
1193 434 1464 489 μαχομένους
1496 427 1714 474 οὐδέποτε

224 503 482 548 παύσασθαι
515 503 740 562 οἰήσονται
773 506 866 546 δεῖν
897 501 1100 553 ἑαυτούς
1148 509 1318 554 18,110.
1357 508 1530 555 24,117.
1567 506 1715 552 40,12.

225 580 290 627 44,
308 580 371 617 35.
403 581 468 624 47,
487 581 551 618 65.
584 580 648 626 53,
667 579 730 616 24.
764 580 828 625 56,
847 579 909 615 38.
942 576 1025 622 (ubi
1050 577 1082 613 A
1105 564 1246 613 αὐτόν
1277 572 1367 620 om.)
1400 575 1539 622 58,15.
1572 574 1714 621 59‚57.

225 645 374 684 Contra
407 647 490 694 V‚2
535 638 755 689 πεπεικὼς
798 637 992 694 ἐμαυτὸν
1031 633 1178 695 ἀληθῆ
1222 638 1365 693 λέγειν
1396 657 1449 672 =
1480 637 1714 690 πέπεισμαι

225 704 375 765 ἀληθῆ
407 709 549 763 λέγειν
581 713 803 762 similiaque
837 713 914 750 huc
947 724 1024 750 non
1058 713 1269 761 pertinent.

338 781 377 825 b)
410 780 553 819 Paucis
584 781 679 819 loeis
711 780 927 818 accusativi
961 792 991 817 c.
1014 779 1080 817 inf.
1112 778 1312 817 coniuncti
1345 791 1366 815 a
1398 777 1529 816 verbis
1559 777 1713 815 dicendi

223 849 438 898 passivis
470 848 662 898 pendent:
696 850 858 893 20,159
882 843 1141 898 (γέγραπται
1172 842 1246 883 καὶ
1269 836 1523 896 ὀμώμοται),
1555 848 1712 894 21,162

226 912 553 967 (ἐξηγγέλλετο),
600 919 762 965 24,212
796 912 1012 966 (λέγεται),
1060 917 1123 963 29,
1141 917 1194 953 44
1225 903 1533 964 (ὡμολόγητο),
1579 915 1642 960 30,
1663 915 1713 952 10

226 974 553 1035 (ὁμολογεῖται),
598 988 736 1034 45,10
767 978 873 1031 (ἔστι
903 978 1325 1034 μεμαρτυρημένον).
1385 981 1536 1028 Quibus
1573 981 1715 1019 similia

223 1056 332 1100 sunt⁷
379 1065 481 1102 quae
521 1055 683 1100 21,199
730 1053 931 1102 leguntur:
979 1045 1417 1101 καταχειροτονηθὲν
1457 1039 1598 1087 αὐτοῦ
1639 1045 1713 1086 καὶ

225 1111 347 1159 ταῦτ’
370 1111 542 1168 ἀσεβεῖν
572 1118 671 1171 περὶ
705 1114 786 1174 τὴν
818 1111 994 1170 ἑορτήν,
1027 1124 1066 1158 et
1097 1132 1176 1158 ace.
1201 1132 1232 1157 c.
1256 1119 1322 1156 inf.
1354 1119 1401 1156 ad
1425 1107 1715 1170 ὑποληπτέον

224 1186 384 1237 (17,16.
423 1201 480 1238 pr.
499 1187 600 1235 2313)
643 1193 681 1227 et
724 1184 961 1238 νομιστέον
1002 1182 1122 1225 ἐστίν
1154 1188 1236 1237 (23,
1254 1189 1317 1226 74.
1357 1188 1421 1235 39,
1440 1189 1503 1226 35.
1542 1198 1600 1236 pr.
1621 1189 1655 1236 1,
1673 1184 1713 1232 3)

223 1256 349 1295 relati.

337 1323 373 1371 c)
400 1313 547 1375 Ὑμᾶς
579 1326 656 1369 (vel
688 1313 832 1375 ἡμᾶς)
865 1325 913 1362 ad
947 1324 1163 1363 infinitivos
1187 1324 1372 1362 subiectis
1395 1325 1577 1361 carentes
1608 1322 1714 1361 sub·

222 1392 509 1432 audiendum
554 1397 630 1442 est,
676 1394 904 1442 ubieunque
945 1393 1114 1431 oratoris
1155 1392 1278 1430 verba
1319 1403 1397 1430 non
1441 1391 1490 1429 ad
1535 1390 1714 1440 singulas

223 1473 433 1511 personas,
465 1461 534 1500 sed
566 1461 615 1500 ad
650 1465 767 1499 totam
800 1461 1026 1500 auditorum
1060 1473 1245 1499 eoronam
1279 1457 1520 1509 spectant;¹)
1563 1472 1641 1508 qua
1671 1471 1713 1497 re

223 1530 352 1568 omnia
383 1529 580 1568 adiectiva
611 1533 649 1568 et
680 1529 890 1580 partieipia
921 1529 970 1567 ad
1004 1541 1221 1579 pronomen
1253 1528 1348 1567 illud
1381 1528 1549 1566 oratoris
1581 1528 1714 1566 verbis

223 1598 443 1635 subiectum
475 1598 715 1647 pertinentia
746 1598 783 1635 in
816 1598 1045 1636 accusativo
1078 1600 1293 1646 ponuntur,
1325 1599 1368 1634 ut
1400 1599 1434 1641 2,
1453 1598 1503 1634 27
1528 1591 1639 1646 φημὶ
1664 1589 1717 1644 δὴ

222 1661 315 1702 δεῖν
344 1660 560 1715 εἰσφέρειν
588 1659 801 1718 χρήματα,
834 1655 1017 1711 αύτούς
1058 1660 1220 1714 ἐξιέναι
1257 1657 1508 1715 προθύμως
1539 1657 1628 1701 κτὲ.
1659 1684 1715 1690 ——

222 1725 357 1780 τινα,
401 1726 589 1772 ἕκαστον
629 1735 689 1772 vel
732 1734 855 1772 simile
899 1734 992 1783 quid
1037 1735 1074 1771 in
1117 1733 1213 1772 loeis
1259 1733 1532 1771 communibus
1565 1733 1714 1778 subest3

223 1802 270 1839 ef.
298 1804 401 1850 1,16
434 1792 487 1839 ού
517 1795 605 1854 μὴν
635 1794 755 1852 οἶμαι
788 1799 880 1841 δεῖν
910 1795 993 1852 τὴν
1025 1797 1143 1839 ἰδίαν
1174 1793 1419 1850 ἀσφάλειαν
1451 1798 1715 1839 σκοποῦντα

221 1859 582 1907 ὑποστείλασθαι
613 1867 714 1919 περὶ
737 1859 801 1907 ὧν
824 1860 930 1921 ὑμῖν
953 1867 1194 1920 συμφέρειν
1217 1859 1420 1920 ἡγοῦμαι.
1469 1872 1528 1915 13,
1549 1872 1568 1908 1
1593 1860 1715 1907 οὐδέ-

221 1930 352 1987 τερόν
382 1949 457 1988 μοι
488 1934 612 1976 δοκεῖ
639 1937 732 1976 τῶν
759 1936 969 1988 χαλεπῶν
1000 1931 1125 1985 εἶναι,
1170 1929 1263 1976 οὔτ’
1286 1931 1606 1990 ἐπιτιμήσαντα
1639 1967 1647 1975 .
1671 1967 1679 1974 .
1705 1968 1712 1975 .

222 1995 507 2055 εὐδοκιμῆσαι
657 1998 759 2044 οὔτε
807 1997 1077 2044 συνειπόντα
1231 2002 1522 2056 χαρίσασθαι,·
1574 2007 1639 2055 59,
1664 2008 1715 2044 14

221 2064 334 2124 ἅπερ
365 2062 567 2125 ἡγούμην
597 2068 842 2126 προσήκειν
873 2071 1089 2127 δεηθῆναι
1129 2070 1232 2112 νέον
1262 2085 1309 2111 τε
1348 2066 1459 2111 ὄντα
1489 2070 1563 2110 καὶ
1597 2064 1714 2111 ἀπεί-

223 2153 312 2192 ρως
354 2135 510 2192 ἔχοντα
551 2139 632 2179 τοῦ
677 2139 832 2193 λέγειν.
895 2145 1028 2190 61,52
1061 2134 1170 2195 ήγοῦ
1213 2133 1453 2192 κράτιστον
1482 2137 1562 2192 μὲν
1602 2134 1714 2179 εἶναι

222 2203 471 2259 πρωτεύειν
502 2205 550 2247 έν
582 2201 730 2256 ἅπασι,
762 2203 932 2248 τούτου
965 2202 1002 2247 δ’
1025 2201 1295 2260 ὀρεγόμενον
1319 2201 1521 2260 ὀφθῆναι
1542 2207 1715 2259 μᾶλλον

224 2275 494 2329 συμφέρειν
523 2271 549 2331 ἢ
592 2270 826 2330 προε’χοι·’τ
855 2275 904 2317 ἐν
943 2283 1036 2325 τοῖς
1077 2277 1276 2329 τυχοῦσι.
1320 2299 1373 2304 -
1419 2280 1511 2317 Alii
1555 2279 1712 2329 quidam

224 2348 486 2385 accusativi
519 2348 729 2397 supplendi
762 2352 871 2387 sunt:
904 2350 979 2387 9.1
1014 2343 1050 2385 εἰ
1081 2344 1152 2384 καὶ
1188 2344 1332 2397 λέγειν
1364 2338 1557 2392 ἅπαντες
1587 2339 1714 2393 εβού-

225 2405 356 2451 λονθ’
379 2426 420 2453 οι
461 2409 698 2465 παριόντες
740 2412 813 2453 καὶ
851 2420 1125 2466 χειροτονεῖν
1170 2405 1300 2465 ὑμεῖς,
1339 2410 1384 2464 ἐξ
1415 2410 1481 2452 τὸν
1511 2427 1571 2460 ως
1603 2426 1714 2463 φαυ-

224 2474 375 2520 λότατ’
412 2473 568 2563 ήμελλε
615 2495 671 2520 τα
714 2474 940 2535 πράγμαθ’
978 2478 1104 2533 ε’,ξειν
1151 2494 1234 2520 ουκ
1280 2474 1334 2520 αν
1379 2471 1570 2534 ἡγοῦμαι
1607 2483 1712 2521 (scil.

340 2602 570 2645 ¹)Interdum
609 2603 771 2638 nonnulli
808 2604 955 2639 codices
996 2599 1091 2646 ἱμάς
1128 2604 1173 2638 de
1207 2614 1273 2638 suo
1309 2603 1478 2637 videntur
1511 2603 1627 2637 textui
1662 2603 1712 2637 in-

223 2659 392 2701 seruisse,
420 2664 457 2693 ut
487 2663 536 2703 11,
552 2662 592 2694 23
619 2662 714 2704 φημὶ
739 2665 872 2705 χρῆναι
900 2658 1221 2705 παρεσκευάσθαι
1247 2658 1319 2702 μὲν
1344 2657 1441 2703 πρὸς
1458 2657 1714 2703 τίνπόλεμον

223 2715 247 2750 S
280 2715 340 2749 al.:
376 2727 471 2759 φημι
500 2728 558 2759 χρ.
592 2714 736 2757 πάντας
771 2711 869 2760 ἡμᾶς
895 2729 927 2751 v.
975 2721 1051 2761 15‚1
1084 2719 1188 2759 οιμαι
1222 2718 1299 2751 δεῖν
1410 2712 1715 2761 βουλειομένους

224 2769 364 2806 ὁιὸοναι
393 2771 610 2816 παρρησίαν
635 2773 674 2808 S:
702 2767 805 2807 oium
833 2777 910 2807 δεῖι
936 2769 1033 2816 ιἰιᾶς
1058 2774 1101 2808 al.
1136 2778 1189 2817 38,
1203 2777 1222 2806 (9
1249 2785 1394 2814 παιτας
1413 2767 1575 2817 ἡγοῦμαι
1594 2785 1713 2816 μεμα-

226 2825 383 2873 θηκὲιαι
411 2841 460 2863 v.:
488 2841 525 2863 71.
543 2824 600 2873 ήγ.
621 2825 718 2873 ὗμας
742 2842 830 2873 μεμ.
858 2831 928 2866 SA
