2132 3358
1666 217 1715 254 19

235 321 304 368 ὅτι
336 330 424 369 olim
457 330 577 368 fuisse
609 331 876 368 accusativum
910 330 1151 379 pronominis
1181 329 1356 378 relativi,
1397 329 1465 367 sed
1503 330 1578 366 iam
1611 328 1716 378 apud

235 400 449 438 Homerum
492 399 610 448 plane
652 399 690 437 in
735 398 1022 436 coniunctionis
1062 409 1174 436 usum
1216 397 1373 447 abiisse3
1420 408 1479 442 ως
1509 396 1638 435 autem
1671 409 1719 435 ex

234 467 340 505 illius
379 467 550 506 ablativo
588 467 773 517 paulatim
817 467 853 504 iu
888 466 1201 505 coniunctionem
1234 468 1526 515 transgressum
1560 466 1718 503 notione

235 535 431 585 primitiva
473 548 520 573 ex
565 539 677 584 parte
719 538 867 572 mutata
909 535 1104 573 nonnullis
1146 534 1244 572 locis
1285 533 1450 571 eundem
1494 545 1610 583 quem
1653 522 1720 569 ὅτι

239 616 394 642 sensum
440 604 705 653 occupavisse.
765 602 944 642 Ceterum
991 603 1107 640 huius
1139 602 1353 652 particulae
1385 590 1443 646 ὡς
1474 598 1543 650 (=
1564 597 1721 651 „dass“)

236 671 341 722 apud
374 672 585 710 Homerum
629 684 706 709 uon
740 671 811 709 nisi
845 671 1034 721 primitias
1066 670 1268 720 cognosci,
1309 682 1395 708 cum
1427 670 1465 708 in
1498 669 1620 707 Iliade
1651 681 1722 707 un-

237 740 370 778 decies
411 743 582 788 tantum‚
630 740 666 777 in
700 738 890 788 Odyssia,
931 751 1045 788 quam
1079 739 1312 777 recentioris
1342 737 1482 776 aetatis
1514 749 1600 775 esse
1632 749 1721 776 con-

237 811 332 853 stat,
376 808 494 857 paulo
526 808 686 856 saepius
718 807 877 856 (septies
910 804 1056 852 decies)
1088 807 1140 844 ita
1170 810 1360 855 usurpata
1391 806 1450 851 sit,
1493 796 1561 842 ὅτι
1593 808 1722 843 autem

237 875 318 923 (vel
350 864 387 922 ὅ,
430 875 466 913 id
510 875 615 925 quod
661 888 747 913 cum
790 875 856 913 illo
888 873 1075 921 alternat)
1107 887 1129 912 a
1160 874 1288 913 verbis
1319 873 1488 924 dicendi,
1526 872 1724 912 sentiendi

236 944 318 980 sim.
350 942 528 992 pendens
560 943 822 992 quinquagies
855 943 1092 980 inveniatur.

349 1011 421 1048 His
453 1010 678 1060 praemissis
717 1010 765 1047 ad
805 1022 916 1048 usum
949 1010 1296 1049 Demosthenicum
1331 1008 1607 1059 explicandum
1638 1021 1724 1059 per-

237 1091 388 1129 gamus.

351 1148 393 1184 In
437 1159 514 1196 quo
559 1138 628 1183 ὅτι
669 1150 708 1184 et
750 1135 810 1191 ὥς
853 1151 942 1196 post
973 1146 1096 1184 verba
1127 1147 1294 1196 dicendi,
1331 1146 1526 1185 sentiendi
1559 1147 1642 1185 sim.
1672 1147 1727 1184 ita

238 1215 420 1263 usurpari
459 1214 649 1264 videmus,
692 1217 733 1252 ut
774 1215 878 1253 illius
919 1215 1064 1253 finibus
1110 1219 1308 1262 tamquam
1347 1215 1569 1261 imminutis,
1612 1214 1726 1252 huius

238 1282 466 1332 propagatis
498 1283 535 1320 in
560 1283 785 1321 uuiversum
810 1286 939 1322 certae
963 1283 1156 1333 quaedam
1180 1284 1288 1332 leges
1310 1283 1477 1332 valeant,
1509 1282 1727 1321 secundum

237 1363 337 1399 quas
377 1351 513 1388 alteris
552 1351 647 1389 loeis
689 1342 772 1398 ὅτι,
818 1352 952 1389 alteris
992 1339 1053 1396 ὡς
1091 1351 1268 1389 adhiberi
1300 1352 1437 1390 soleat.
1487 1340 1594 1388 Ὅτι
1625 1351 1727 1389 enim

239 1419 453 1468 praecipue
484 1419 640 1469 dieitur,
671 1420 701 1457 si
734 1432 790 1465 ea7
824 1432 926 1469 quae
958 1419 1172 1458 enuntiatis
1194 1419 1443 1468 explicativis
1466 1420 1729 1465 continentur,

239 1487 301 1525 vel
332 1487 435 1525 facta
465 1486 600 1533 (dicta)
633 1499 719 1526 esse
754 1488 815 1526 vel
846 1488 928 1526 fieri
964 1487 1072 1535 (dici)
1105 1488 1166 1526 vel
1197 1488 1331 1526 futura
1363 1500 1450 1526 esse
1482 1487 1644 1533 (dictum
1668 1486 1728 1534 iri)

239 1555 468 1604 simpliciter
500 1559 699 1602 narratur-3
744 1557 878 1606 itaque
910 1557 1118 1606 reperitur7
1157 1556 1221 1594 ubi
1255 1569 1317 1594 res
1349 1568 1467 1595 verae
1499 1568 1730 1595 commemo-

239 1626 379 1661 rantur
412 1623 472 1669 (ut
507 1626 568 1673 18,
587 1627 638 1663 32
672 1613 790 1674 δεῖ-ρ’
822 1614 1193 1675 ἀπαγγειλάντων
1223 1613 1347 1677 ἡμῶν
1379 1615 1447 1662 ὅτι
1478 1620 1627 1674 μέλλει
1660 1620 1729 1661 καὶ

238 1682 619 1740 παρασκευάζεται
651 1685 951 1742 πορεύεσθαι),
999 1693 1198 1743 colloquia
1239 1697 1476 1731 enarrantur
1508 1691 1566 1740 (ut
1598 1695 1661 1741 50,
1679 1695 1733 1731 40

240 1755 451 1808 λέγοντος
483 1755 530 1796 δέ
559 1771 645 1809 μου
667 1758 821 1807 ταῦτα,
857 1751 1128 1810 ἀπεκρίνατό
1150 1772 1225 1811 μοι
1248 1751 1317 1798 ὅτι
1337 1754 1515 1811 μύθους
1538 1756 1735 1810 λέγοιμι),

240 1827 384 1876 aliqua,
430 1829 575 1876 quibus
620 1829 717 1866 falsa
754 1830 1073 1868 adversariorum
1107 1836 1342 1878 argumenta
1373 1829 1604 1875 refutentur,
1647 1842 1734 1878 pro-

241 1896 422 1933 feruntur
454 1895 512 1938 (ut
547 1898 608 1943 19,
626 1898 678 1935 89
711 1890 823 1946 πρὸς
855 1891 907 1946 δὴ
939 1889 1066 1935 ταῦτ’
1098 1887 1228 1935 ἐκεῖν’
1258 1885 1371 1947 ὑμᾶς
1401 1886 1736 1947 ὑπολαμβάνειν

243 1959 320 2009 δεῖ,
362 1955 430 2001 ὅτι
472 1960 546 2001 καὶ
586 1958 640 2002 τὰ
676 1962 906 2003 Φιλίππου
943 1957 1162 2017 πράγματ’
1194 1961 1242 2003 ἐκ
1273 1963 1350 2018 τῆς
1388 1959 1561 2018 εἰρήνης
1591 1955 1735 2016 γέγον’

243 2023 530 2082 εὐπορώτερα
569 2031 728 2084 πολλῷ
769 2027 886 2080 κτὲ.).
943 2023 1023 2079 Ὡς
1066 2038 1194 2073 autem
1235 2035 1466 2084 praesertim
1511 2038 1738 2084 usurpatur,

243 2101 273 2138 si
312 2112 414 2149 quae
455 2100 503 2138 ab
541 2104 699 2159 oratore
741 2106 1098 2141 commemorantur
1138 2115 1186 2140 ex
1230 2114 1384 2150 eorum,
1428 2115 1451 2140 a
1481 2103 1624 2151 quibus
1655 2103 1736 2141 sive

244 2168 429 2206 dicuntur
470 2169 553 2206 sive
595 2169 701 2207 dicta
741 2173 849 2215 sunt,
883 2171 1079 2209 mentibus
1120 2170 1390 2220 intellegenda
1437 2173 1539 2208 sunt.
1598 2171 1737 2220 Itaque

243 2236 387 2284 legitur
419 2237 598 2285 primum,
630 2238 693 2275 ubi
726 2251 803 2276 non
838 2239 909 2276 nisi
943 2239 1188 2288 singulorum
1223 2239 1443 2277 sententiae
1474 2242 1542 2276 aut
1573 2238 1738 2277 consilia

245 2301 584 2342 communicantur
616 2306 675 2348 (ut
709 2309 742 2354 1,
763 2310 812 2345 14
844 2302 880 2343 εἰ
924 2297 960 2344 δ’
993 2302 1016 2344 ὁ
1056 2302 1135 2357 μὲν
1177 2298 1236 2352 ὡς
1278 2297 1343 2343 (Ξεί
1386 2317 1428 2342 τι
1464 2305 1617 2355 μεῖζον
1646 2303 1738 2343 τῶν

246 2360 543 2421 ὑπαρχόντων
566 2369 632 2411 δεῖ
651 2367 867 2424 πράττειν
888 2368 1095 2425 ἐγνωκώς
1117 2368 1249 2421 ἔσται,
1273 2366 1395 2424 ἡμεῖς
1417 2364 1453 2411 δ’
1476 2361 1535 2419 ὡς
1557 2363 1741 2419 οὐδενὸς

246 2431 540 2491 ἀντιληπτέον
581 2436 841 2492 ἐρρωμένως
878 2441 967 2480 τῶν
999 2437 1274 2494 πραγμάτων
1304 2436 1429 2491 κτὲ.);
1477 2442 1633 2491 deinde,
1676 2443 1740 2480 ubi

246 2521 347 2557 quae
379 2508 501 2556 ipsius
532 2511 701 2548 oratoris
723 2511 868 2549 iudicio
892 2512 1063 2550 adversa
1083 2515 1175 2549 sunt
1196 2511 1505 2561 pronuntiantur
1528 2514 1584 2554 (ut
1609 2512 1669 2556 18,
1685 2513 1736 2549 22

246 2571 306 2620 εἰς
327 2565 459 2612 τοῦθ’
476 2573 582 2627 ἡκεν
605 2567 826 2624 ἀναιδείας
848 2568 951 2616 ὥστ
974 2572 1136 2628 ετόλμα
1161 2575 1316 2628 λέγειν,
1349 2589 1408 2623 ως
1433 2567 1499 2627 ἄρ’
1522 2571 1608 2627 ἐγώ
1628 2571 1740 2627 πρὸς

246 2639 310 2679 τῶ
342 2640 420 2692 τῆς
451 2635 623 2695 εἰρήνης
655 2640 793 2691 αι’τιος
824 2645 1103 2699 γεγενῆσθαι,
1137 2643 1209 2683 καὶ
1240 2638 1510 2691 κεκωλυκως
1542 2656 1636 2696 ειην
1657 2636 1742 2695 τὴν

246 2704 380 2747 πόλιν
419 2705 528 2760 μετὰ
568 2711 725 2750 κοινοῦ
765 2710 999 2764 συνεδρίου
1041 2725 1135 2752 των
1161 2703 1385 2763 Ελλήνων
1416 2706 1586 2764 ταύτην
1616 2706 1740 2764 ποιή-

247 2777 445 2828 σασθαι);
493 2792 571 2828 qna
611 2781 658 2818 de
700 2794 819 2820 causa
858 2782 1219 2832 frequentissimum
1262 2787 1348 2829 est,
1400 2780 1464 2819 ubi
1507 2782 1742 2820 enuntiatio·

250 2846 365 2884 nibus
397 2848 646 2896 explicativis
677 2854 911 2899 argumenta
943 2851 1135 2900 quaedam
1169 2849 1435 2895 continentur,
1476 2861 1578 2899 quae
1611 2853 1744 2888 orator

1496 2923 1541 2957 2*
