2084 3342
363 233 415 271 62

363 344 598 381 tractionem
641 343 788 381 formas
820 343 983 392 genitivi
1017 348 1055 381 et
1087 343 1205 381 dativi
1248 343 1463 382 induerunt
1494 339 1553 391 <ut
1586 348 1649 395 16,
1670 348 1718 384 17
1751 341 1852 395 περὶ

362 401 426 448 ὧν
448 406 619 459 ἔφασαν
642 404 826 456 ἕκαστος
849 408 977 459 σφῶν
1001 401 1152 449 αὐτῶν
1174 404 1302 457 εἶναις
1339 415 1372 462 1,
1388 415 1448 451 16.
1481 415 1547 462 28,
1560 415 1653 452 298.
1685 415 1854 462 23‚164.

363 482 427 528 27,
444 482 509 518 37.
540 483 606 529 45,
624 482 687 519 26.
720 492 777 529 pr.
795 482 834 530 5,
854 482 885 518 1.
918 480 947 529 Ι,
964 478 1019 528 4),
1051 480 1295 529 separandos
1318 493 1403 518 esse
1427 481 1686 530 conspicuum
1710 484 1781 519 est.
1800 501 1850 507 —

476 551 510 586 3.
553 548 716 586 Nullum
750 548 906 586 omnino
938 547 1118 586 infinitivi
1152 547 1369 586 subiectum
1404 548 1560 596 dicitur,
1593 549 1657 587 ubi
1689 548 1852 587 verbum

360 616 520 665 aliquod
563 616 825 665 impersonale
868 616 916 653 ad
956 617 1118 654 verbum
1153 616 1307 654 dicendi
1341 616 1403 654 vel
1436 617 1634 665 cogitandi
1668 617 1853 667 refertur,

362 687 404 722 ut
445 687 545 728 1‚17
585 680 693 735 φημὶ
736 677 789 734 δὴ
832 679 926 734 διχῇ
970 680 1226 735 βοηθητέον
1268 677 1392 731 εἶναι,
1437 688 1501 723 27.
1547 687 1582 730 9,
1598 688 1664 723 45.
1710 687 1771 734 19,
1789 687 1854 723 54.

361 755 508 802 21‚67.
541 754 715 802 23‚135.
747 755 811 798 43,
832 755 978 791 2077.
1011 755 1075 803 57,
1091 755 1155 791 44.
1190 755 1307 802 61‚4.
1340 753 1384 803 V,
1400 756 1438 791 4.

416 935 438 981 ξ
471 939 505 974 3.
555 936 621 971 De
652 935 936 979 temporibus
967 934 1293 970 infinitivorum
1325 944 1383 971 ex
1413 934 1562 971 verbis
1594 934 1792 978 dicendi,

743 1003 994 1048 cogitandi,
1026 1003 1124 1039 sim.
1155 1003 1468 1048 pendentium.

475 1100 508 1135 1.
549 1097 749 1146 Tempora
787 1096 1068 1135 infinitivorum
1109 1096 1298 1135 orationis
1337 1096 1520 1146 obliquae
1552 1097 1720 1146 singulis
1750 1096 1851 1134 indi-

360 1166 576 1203 nativorum
611 1165 855 1214 temporibus
897 1165 1151 1214 respondent,
1195 1164 1264 1202 sed
1298 1166 1361 1214 ita,
1402 1168 1445 1203 ut
1477 1165 1545 1203 inf.
1577 1177 1704 1214 praes.
1735 1165 1851 1203 etiam

359 1246 430 1282 pro
459 1233 536 1271 iud.
558 1232 676 1283 impf„
709 1232 777 1271 inf.
800 1232 898 1282 perf.
921 1246 992 1282 pro
1016 1233 1094 1270 ind.
1116 1232 1290 1282 plusqpf.
1314 1233 1602 1271 substituantur
1624 1232 1672 1280 (e.
1691 1245 1726 1281 g.
1749 1234 1848 1281 3‚21

357 1294 462 1347 τοὺς
494 1296 566 1338 ἐπὶ
597 1298 690 1338 τῶν
720 1294 964 1351 προγόνων
995 1297 1121 1351 ἡμῶν
1158 1297 1370 1350 λέγοντας
1409 1292 1561 1338 ἀκούω
1594 1330 1602 1338 .
1626 1331 1633 1338 .
1660 1331 1667 1338 .
1700 1293 1851 1350 τούτῳ

357 1368 421 1420 τῷ
454 1363 549 1407 ἔθει
580 1366 659 1411 καὶ,
685 1367 749 1420 τῷ
775 1362 933 1420 τρόπῳ
971 1366 1048 1421 τῆς
1079 1365 1309 1414 πολιτείας
1346 1366 1553 1419 χρῆσθαι,
1602 1372 1732 1420 22,41
1767 1360 1853 1407 κᾶν

355 1433 435 1488 μὲν
467 1428 713 1488 ἀντιλέγειν
744 1436 814 1485 [=
837 1450 878 1475 se
911 1435 1119 1484 restitisse]
1153 1435 1225 1486 φῇ,
1265 1433 1433 1488 μηδένα
1475 1428 1512 1475 δ’
1536 1427 1660 1488 αὐτῷ
1700 1434 1850 1476 πεῖθε·
1888 1431 1892 1434 ’

359 1505 464 1543 σθαι
488 1504 557 1553 [Σ
582 1507 813 1544 obsecutum
837 1503 939 1553 esse]
963 1498 1050 1543 κτὲ.
1085 1509 1151 1555 54,
1169 1509 1219 1545 32
1243 1499 1348 1550 τοὺς
1372 1536 1379 1543 .
1401 1536 1408 1542 .
1430 1536 1436 1543 ,
1462 1494 1852 1556 ὁμολογουμένους

358 1567 543 1611 τύπτειν
575 1568 647 1624 ἐμέ
678 1578 716 1612 et
746 1575 834 1612 aliis
867 1574 962 1612 cire.
985 1576 1036 1613 25
1061 1574 1169 1623 loeis,
1201 1574 1251 1612 ad
1284 1586 1385 1623 quos
1408 1575 1523 1623 pauci
1546 1574 1754 1620 accedunt,
1785 1574 1852 1612 ubi

358 1642 512 1681 codices
535 1643 775 1693 discrepant,
798 1648 840 1681 ut
866 1645 1022 1692 19‚254
1043 1639 1339 1693 παραλείπειν
1363 1643 1403 1681 S:
1435 1641 1705 1692 παραλιπεῖν
1728 1655 1762 1681 v.
1785 1640 1851 1690 [cf.

359 1712 533 1761 Voemel,
565 1711 683 1749 Proll.
715 1709 968 1760 grammat.]).
1001 1731 1051 1736 ——
1100 1712 1314 1749 Praeterea
1346 1710 1525 1749 infinitivi
1558 1723 1631 1761 pro
1663 1711 1850 1761 optativis

357 1779 637 1828 potentialibus
669 1783 888 1829 ponuntur3
933 1791 1012 1829 quo
1044 1778 1098 1828 fit,
1141 1782 1182 1816 ut
1222 1778 1403 1817 infinitivi
1448 1791 1535 1816 eum
1568 1778 1766 1829 particula
1796 1769 1851 1815 ἄν

357 1848 556 1886 coniuncti
591 1847 727 1886 modos
760 1851 798 1886 et
821 1848 1077 1897 potentialem
1100 1850 1138 1885 et
1162 1848 1467 1886 conditionalem
1492 1845 1708 1894 (ii-realem)
1730 1848 1849 1897 signi-

355 1916 490 1958 ficent;
534 1917 660 1964 illum,
698 1917 729 1954 si
761 1917 1025 1966 optativorum
1060 1916 1201 1964 (praes.
1235 1916 1299 1953 vel
1330 1915 1438 1962 aon),
1472 1916 1577 1954 hune
1609 1916 1640 1954 si
1672 1915 1849 1953 indicati-

356 1998 492 2023 vorum
521 1984 644 2035 (impf.
666 1986 730 2023 vel
753 1984 849 2031 nor.)
883 1985 990 2023 locos
1024 1986 1219 2034 obtinent3
1252 1997 1299 2022 ex
1332 1984 1474 2034 quibus
1496 1983 1849 2034 signifieat-ionibus

356 2057 444 2091 utra
484 2053 756 2102 intellegenda
799 2054 864 2102 sit,
908 2053 1074 2103 singulis
1116 2053 1215 2091 loeis
1259 2065 1306 2090 ex
1352 2053 1543 2091 sermonis
1575 2056 1762 2091 contextu
1793 2053 1849 2090 vi-

356 2121 481 2159 detur.
542 2123 652 2160 Inter
693 2134 794 2171 quos
836 2122 861 2159 ii
904 2122 1019 2160 modo
1060 2121 1239 2160 infinitivi
1283 2134 1409 2171 praes.
1442 2134 1473 2159 e.
1505 2113 1561 2158 ἄν
1592 2122 1714 2160 iuncti
1746 2122 1848 2160 inso-

356 2190 547 2228 lentiores
590 2193 698 2235 sunt,
745 2190 905 2240 quibus,
950 2191 980 2227 si
1023 2189 1116 2238 quid
1162 2189 1306 2228 factum
1350 2193 1472 2235 esset,
1521 2189 1629 2227 ahud
1671 2189 1847 2228 futurum

355 2257 473 2296 fuisse
507 2259 753 2308 exprimitur,
787 2261 828 2296 ut
850 2260 915 2307 48,
933 2260 1002 2297 43:
1037 2251 1099 2294 ἔτι
1130 2248 1243 2307 πρὸς
1274 2250 1453 2302 τούτοις
1483 2253 1579 2309 ἡγεῖ
1609 2248 1664 2294 ἄν
1692 2248 1735 2307 μ’
1758 2252 1848 2294 εἴπι-

353 2322 535 2377 τρέπειν
565 2334 634 2364 σοι
669 2357 675 2364 .
701 2356 708 2364 .
735 2357 741 2363 .
776 2321 823 2363 ἐν
853 2324 919 2376 τῷ
951 2322 1192 2376 τελευταίῳ
1232 2317 1370 2376 άγοῖνι
1401 2323 1466 2376 τῷ
1497 2322 1598 2376 περὶ
1629 2323 1713 2363 τοῦ
1745 2319 1848 2378 κλή-

355 2405 452 2444 ρου,
493 2386 519 2447 ἆ]
552 2384 578 2431 ἃ
609 2388 754 2445 ἔλεγες
793 2388 907 2444 πρὸς
946 2387 1053 2439 τούς
1091 2387 1312 2440 δικαστάς,
1354 2388 1449 2443 εἰκῇ
1491 2382 1655 2431 οὑτωσὶ
1690 2390 1846 2444 λέγειν,

355 2454 380 2515 ἢ
411 2459 512 2513 περὶ
545 2452 611 2500 ὧν
642 2456 718 2508 τὰς
748 2458 991 2513 μαρτυρίας
1020 2457 1257 2512 παρέσχου,
1291 2452 1435 2508 οὕτως
1456 2453 1510 2499 ἂν
1531 2457 1847 2513 παρασχέσθαι,

358 2527 394 2568 εἰ
425 2524 482 2582 μή
515 2523 624 2582 μετὰ
655 2529 736 2569 σοῦ
767 2528 896 2580 κοινῇ
928 2524 1309 2582 συνηγωνιζόμηνς
1349 2530 1396 2568 ef.
1418 2544 1454 2581 p.
1473 2533 1537 2570 26.

471 2602 506 2638 2.
539 2598 685 2638 Omnes
709 2599 892 2637 infinitivi
909 2598 1099 2637 orationis
1117 2598 1300 2646 obliquae
1319 2598 1366 2636 ad
1387 2598 1592 2637 verborum
1616 2599 1847 2648 regentium,

356 2679 433 2706 non
468 2668 515 2705 ad
549 2668 715 2706 oratoris
746 2671 926 2717 tempora
957 2666 1204 2716 referuntur3
1237 2679 1314 2716 qua
1346 2666 1394 2705 de
1426 2679 1557 2715 eausa,
1588 2667 1619 2704 si
1652 2679 1700 2705 ex
1731 2679 1846 2716 prae-

355 2736 482 2774 teritis
512 2736 702 2786 pendent,
733 2739 772 2774 et
802 2736 877 2786 ipsi
909 2735 1213 2786 praeteritorum
1246 2735 1323 2772 vim
1357 2736 1568 2784 accipiunt.
1619 2734 1675 2774 Of.
1698 2737 1817 2784 p.27.

471 2806 505 2842 3.
540 2804 669 2842 Verba
700 2802 955 2853 promittendi
989 2800 1242 2851 (spondendi)
1285 2805 1324 2840 et
1356 2801 1549 2852 minandi,
1589 2801 1775 2852 sperandi
1809 2804 1847 2839 et

357 2871 613 2921 exspectandi
630 2870 840 2922 (timendi),
862 2871 1098 2909 ereberrime
1118 2882 1204 2909 eum
1228 2870 1431 2908 infinitivis
1454 2874 1492 2909 et
1513 2869 1584 2909 fut.
1603 2875 1640 2909 et
1661 2881 1790 2920 praes.
1808 2874 1847 2909 et
