2084 3342
353 223 403 258 24

350 327 461 381 μάχη
498 360 573 376 ...‚
607 322 823 380 ἀκηκόατε
858 320 894 366 ὦ
925 320 1080 378 ἄνδρες
1114 324 1328 371 dinam-ak
1375 331 1438 376 19,
1457 331 1520 367 65.
1553 332 1725 378 24‚109.
1753 330 1838 368 155.

352 402 468 445 37,9.
490 401 550 437 19.
583 401 646 442 38,
667 401 715 436 14
749 399 797 435 al.

464 466 644 515 Denique
677 465 980 503 Demosthenem
1024 477 1094 514 pro
1132 457 1200 501 ὅτι
1240 465 1300 502 vel
1332 456 1391 508 (ὃς
1423 465 1559 513 paucis
1591 465 1687 502 locis
1722 466 1838 513 parti-

352 535 439 572 cula
473 524 558 571 ὅτε
592 534 658 582 uti,
690 534 801 582 quasi
835 526 939 577 τοὺς
967 526 1158 582 χρόνους
1191 533 1252 570 vel
1284 533 1408 570 simile
1441 532 1533 581 quid
1569 532 1839 581 praecederet,

351 602 475 640 obiter
507 613 786 639 commemoro:
819 603 854 648 3,
871 604 896 638 4
917 590 1133 651 μέμνησθ)
1154 630 1161 637 .
1181 629 1191 638 .
1211 630 1217 636 .
1243 590 1306 637 ὅτ’
1331 590 1591 650 ἀπηγγέλθη
1615 595 1840 645 Φίλιππος

352 699 359 706 .
407 700 413 706 .
446 665 720 718 πολιορκῶν.
783 669 838 707 Cf.
863 670 926 716 18,
945 670 1022 706 291
1054 658 1227 716 μάλιστ’
1251 661 1482 717 ἐθαύμασα
1523 660 1723 712 πάντων,
1765 658 1836 705 ὅτε

350 735 443 774 τῶν
465 729 809 786 συμβεβηκότων
830 730 932 773 τότε
956 733 1009 784 τῇ
1031 728 1157 772 πόλει
1181 732 1404 785 μνησθείς,
1427 724 1505 784 οὐχ
1527 724 1586 779 (ὃς
1609 726 1664 771 ἂν
1685 725 1840 779 εὔνους

351 801 422 842 καὶ
457 801 624 849 δίκαιος
651 800 835 855 πολίτης
858 797 950 853 ἔσχε
974 797 1056 853 τὴν
1080 796 1259 854 γνώμην
1290 796 1398 851 xvi-‚3
1431 806 1495 852 34,
1512 806 1564 842 46
1597 793 1839 853 (ἀναφέρω)

351 868 411 918 εἲς
441 885 485 910 τε
519 866 600 909 τὸν
631 863 811 922 Λάμπιν
844 862 984 909 αὐτὸν
1015 868 1089 908 καὶ
1129 865 1235 916 τοὺς
1276 861 1554 916 ἀκούσαντας
1595 861 1734 908 αὐτοῦ
1767 861 1837 908 ὅτε

351 933 435 978 οὐκ
478 935 560 991 ἔφη
604 931 892 990 ἀπειληφέναι
932 932 984 976 τὸ
1023 930 1265 989 Iobatem),
1311 941 1375 983 43,
1395 942 1446 978 64
1487 932 1702 988 παράπαν
1744 929 1840 976 σι’-δ’

352 1000 528 1058 ᾔσθετο,
562 1000 633 1046 ὅτὲ
666 995 720 1061 ἦν
750 1001 1076 1059 τετελευτηκώς
1103 997 1285 1058 Ἁγνίας;
1318 1008 1385 1045 sed
1420 1008 1479 1046 his
1509 1009 1604 1046 locis
1628 998 1699 1044 ὅτε
1724 1009 1838 1046 etiam

351 1077 399 1115 ad
432 1081 612 1126 tempora
645 1078 777 1115 verbis
810 1077 1142 1125 praecedentibus
1182 1077 1353 1114 indicata
1385 1077 1523 1114 referri
1557 1079 1694 1126 potest.
1756 1076 1841 1114 Alia

351 1146 531 1195 exempla
561 1145 752 1183 Kuehner
785 1146 917 1193 5551,
937 1147 957 1182 7
993 1145 1204 1194 congessit.

408 1303 430 1349 ξ
463 1306 497 1342 3.
555 1305 621 1340 De
654 1304 1017 1339 enuntiationum
1048 1313 1074 1339 a
1103 1304 1341 1347 particulis
1374 1295 1442 1341 ὅτι
1475 1297 1619 1351 (διότι)
1651 1307 1697 1340 et
1727 1300 1785 1348 ὥς

650 1371 967 1416 incipientium
998 1371 1281 1415 temporibus
1314 1374 1359 1407 et
1390 1372 1551 1407 modis.

465 1464 767 1501 Enuntiationes
799 1476 819 1500 a
852 1463 1058 1511 particulis
1090 1453 1158 1499 ὅτι
1192 1465 1230 1500 et
1251 1450 1309 1507 ὡς
1330 1461 1532 1511 profectae
1555 1464 1592 1500 in
1616 1463 1840 1501 universum

352 1532 406 1568 ita
448 1531 549 1568 inter
590 1543 631 1568 se
675 1530 873 1575 differunt,
916 1533 959 1568 ut
996 1531 1034 1567 in
1075 1530 1209 1568 alteris
1242 1531 1367 1568 oratio
1399 1535 1508 1568 recta
1541 1531 1659 1580 plane
1689 1531 1843 1579 integra

351 1598 660 1649 repetatur(1.),
701 1600 738 1636 in
771 1599 917 1648 alteris,
959 1600 988 1636 si
1034 1611 1111 1636 non
1153 1599 1397 1648 temporibus
1435 1604 1472 1636 et
1512 1599 1637 1637 modis
1669 1602 1840 1637 attamen

351 1668 530 1717 personis
562 1680 664 1717 quae
696 1666 851 1716 quidem
886 1670 1070 1717 poterant
1102 1668 1270 1713 mutatis,
1312 1668 1430 1705 verba
1464 1668 1525 1705 vel
1556 1668 1729 1716 cogitata
1761 1668 1843 1704 sive

352 1736 450 1774 alius
483 1736 686 1773 cuiusdam
720 1736 886 1773 hominis
918 1736 1000 1773 sive
1033 1737 1201 1773 oratoris
1233 1737 1358 1785 ipsius
1401 1748 1470 1785 per
1503 1736 1718 1774 orationem
1751 1736 1841 1774 obli-

352 1817 467 1854 quam
509 1817 626 1853 quam
665 1804 802 1842 dicunt
840 1803 1063 1842 referantur
1095 1803 1187 1850 (IL).
1250 1805 1416 1853 Utrique
1448 1809 1577 1842 autem
1610 1804 1745 1854 generi
1778 1816 1844 1841 eas

351 1873 566 1911 attribuere
600 1872 702 1921 licet,
740 1873 777 1909 in
811 1873 953 1922 quibus
985 1884 1174 1921 personas
1209 1873 1397 1910 orationis
1430 1878 1562 1910 rectae
1595 1874 1630 1909 in
1665 1872 1844 1910 oratione

352 1941 512 1990 obliqua
552 1941 775 1978 immutatas
814 1940 975 1977 retineri
1020 1952 1179 1978 necesse
1211 1945 1296 1978 erat
1329 1953 1455 1990 neque
1489 1954 1535 1977 ex
1567 1940 1653 1977 aliis
1685 1940 1844 1989 quibus-

355 2009 446 2046 libet
477 2008 632 2046 indiciis
664 2009 827 2046 iudicari
861 2012 1001 2057 potest,
1032 2009 1108 2046 utri
1143 2009 1277 2057 generi
1311 2008 1632 2046 adnumerandae
1665 2009 1760 2049 sint3
1804 2012 1846 2045 ut

352 2080 417 2126 47,
436 2079 487 2116 33
520 2069 734 2126 προσῄειν
765 2067 878 2127 πρός
899 2088 944 2113 τὲ
968 2070 1073 2121 τοὺς
1096 2067 1374 2122 ἀποστολέας
1407 2108 1413 2114 .
1435 2108 1441 2113 .
1462 2107 1468 2113 .
1505 2073 1647 2127 λέγων
1669 2068 1738 2114 ὅτι
1760 2067 1844 2113 οὐκ

356 2136 603 2182 ἀποδίδωσί
633 2156 708 2194 μοι
739 2138 795 2181 τὰ
825 2139 962 2195 σκεύη
996 2134 1019 2182 ὁ
1047 2137 1290 2196 Θεόφημος,
1326 2136 1352 2182 ἃ
1383 2136 1530 2193 ὦφλεν
1561 2140 1609 2182 ἐν
1638 2143 1702 2195 τῷ
1726 2140 1837 2181 δικα-

353 2209 530 2264 στηρίῳ.
593 2213 700 2260 Quas
732 2226 878 2262 omnes,
920 2214 992 2251 etsi
1024 2226 1095 2262 per
1128 2214 1337 2251 nonnullas
1370 2218 1565 2251 oratorem
1600 2214 1725 2262 ipsum
1761 2226 1842 2250 ora-

354 2283 499 2319 tionem
545 2285 687 2319 rectam
732 2282 908 2329 intellegi
943 2282 1113 2319 voluisse
1146 2281 1277 2328 credo,
1318 2295 1403 2319 cuni
1439 2294 1628 2330 quaenam
1665 2282 1736 2318 liae
1767 2282 1845 2318 sint

354 2350 546 2399 suspicari
589 2362 666 2387 non
711 2351 827 2387 liceat
868 2362 996 2398 neque
1028 2362 1163 2387 omnes
1194 2362 1281 2387 esse
1314 2353 1461 2387 certum
1495 2336 1690 2398 videatur,
1730 2349 1843 2387 alteri

354 2418 489 2467 generi
523 2417 676 2455 addam.
737 2418 865 2455 Huius
898 2417 1042 2455 deinde
1075 2418 1209 2455 variae
1241 2419 1396 2466 species
1428 2422 1535 2455 sunl:
1574 2420 1641 2454 aut
1672 2417 1773 2454 enim
1807 2420 1844 2454 et

354 2491 533 2535 tempora
573 2490 612 2524 et
651 2487 751 2524 modi
786 2487 973 2525 orationis
1004 2490 1138 2525 rectae
1170 2490 1328 2524 servata
1359 2484 1525 2535 (lla.)‘—'),
1568 2490 1636 2523 aut
1666 2488 1845 2535 tempora

470 2628 495 2672 ¹)
522 2625 609 2668 τοὺς
636 2623 876 2668 ἀκούσαντας
901 2622 965 2662 ὅτε
993 2628 1207 2672 Sjoestrand
1232 2628 1253 2662 l.
1270 2639 1298 2662 c.
1325 2639 1358 2671 p.
1375 2631 1427 2662 33.
1454 2628 1505 2663 Bl.
1545 2628 1659 2663 Libris
1693 2623 1749 2662 ὅτι
1785 2638 1844 2662 ex-

355 2684 512 2727 hibetur,
539 2685 603 2719 sed
619 2685 826 2719 coniectura
841 2696 884 2719 eo
899 2685 1082 2728 probatur,
1109 2685 1206 2728 quod
1222 2680 1351 2718 ἀκούω
1367 2679 1423 2719 ὅτι
1440 2695 1504 2728 pro
1520 2681 1673 2719 ἀκούειν
1690 2696 1719 2719 c.
1734 2685 1845 2729 genit.

355 2744 447 2783 part.
471 2742 665 2775 coniuncto
691 2741 1014 2776 insolentissimum
1041 2744 1115 2784 est,
1142 2752 1214 2775 uno
1233 2741 1313 2775 loco
1333 2745 1384 2784 58,
1400 2744 1440 2776 32
1460 2737 1620 2775 ἀκούετε
1639 2745 1706 2776 τοῦ
1725 2738 1845 2783 νόμου

377 2823 385 2830 .
401 2824 408 2830 .
436 2791 493 2830 ὅτι
520 2795 721 2842 διαρρήδην
746 2795 848 2842 λέγει
875 2798 1044 2832 librorum
1071 2792 1127 2831 ὅτι
1154 2797 1356 2832 confirmari
1374 2809 1446 2832 non
1464 2802 1599 2841 potest.
1692 2800 1720 2840 2)
1747 2797 1845 2831 Haec

358 2857 536 2887 structura
562 2865 630 2888 una
655 2855 750 2897 apud
777 2855 973 2889 Homerum
1000 2855 1151 2899 legitur,
1176 2854 1219 2888 cf.
1240 2854 1393 2889 Schmitt
1417 2854 1437 2889 l.
1453 2854 1473 2888 l.
1491 2865 1526 2898 p.
1541 2858 1582 2889 69
1596 2865 1649 2898 sq.
1687 2854 1845 2898 Optativi
