<?xml version="1.0" encoding="UTF-8"?>
<!DOCTYPE html PUBLIC "-//W3C//DTD XHTML 1.0 Transitional//EN"
    "http://www.w3.org/TR/xhtml1/DTD/xhtml1-transitional.dtd">
<html xmlns="http://www.w3.org/1999/xhtml" xml:lang="en" lang="en">
 <head>
  <title>
</title>
<meta http-equiv="Content-Type" content="text/html;charset=utf-8" />
  <meta name='ocr-system' content='tesseract 3.04.00' />
  <meta name='ocr-capabilities' content='ocr_page ocr_carea ocr_par ocr_line ocrx_word'/>
</head>
<body>
  <div class='ocr_page' id='page_1' title='image "./quaestionesdeelo00kaisuoft_0010.png"; bbox 0 0 2084 3342; ppageno 0'>
   <div class='ocr_carea' id='block_1_1' title="bbox 364 208 384 239">
    <p class='ocr_par' dir='ltr' id='par_1_1' title="bbox 364 208 384 239">
     <span class='ocr_line' id='line_1_1' title="bbox 364 208 384 239; baseline 0 0"><span class='ocrx_word' id='word_1_1' title='bbox 364 208 384 239; x_wconf 72' lang='lat'>2</span> 
     </span>
    </p>
   </div>
   <div class='ocr_carea' id='block_1_2' title="bbox 359 315 1846 771">
    <p class='ocr_par' dir='ltr' id='par_1_2' title="bbox 359 315 1846 771">
     <span class='ocr_line' id='line_1_2' title="bbox 361 315 1843 365; baseline 0.005 -14"><span class='ocrx_word' id='word_1_2' title='bbox 361 315 463 363; x_wconf 74' lang='lat' dir='ltr'>exigi</span> <span class='ocrx_word' id='word_1_3' title='bbox 495 327 608 363; x_wconf 88' lang='lat' dir='ltr'>posse</span> <span class='ocrx_word' id='word_1_4' title='bbox 639 320 818 363; x_wconf 84' lang='lat' dir='ltr'>apparet,</span> <span class='ocrx_word' id='word_1_5' title='bbox 852 316 979 352; x_wconf 74' lang='lat' dir='ltr'>multis</span> <span class='ocrx_word' id='word_1_6' title='bbox 1013 315 1358 353; x_wconf 65' lang='lat' dir='ltr'>dissertationibus</span> <span class='ocrx_word' id='word_1_7' title='bbox 1390 321 1577 365; x_wconf 79' lang='lat' dir='ltr'>congesta</span> <span class='ocrx_word' id='word_1_8' title='bbox 1608 323 1708 356; x_wconf 85' lang='lat' dir='ltr'>sunt.</span> <span class='ocrx_word' id='word_1_9' title='bbox 1770 320 1843 358; x_wconf 74' lang='lat' dir='ltr'>Sed</span> 
     </span>
     <span class='ocr_line' id='line_1_3' title="bbox 360 382 1846 433; baseline 0.004 -15"><span class='ocrx_word' id='word_1_10' title='bbox 360 393 446 418; x_wconf 84' lang='lat' dir='ltr'>cum</span> <span class='ocrx_word' id='word_1_11' title='bbox 480 382 516 418; x_wconf 89' lang='lat' dir='ltr'>in</span> <span class='ocrx_word' id='word_1_12' title='bbox 550 382 728 430; x_wconf 81' lang='lat' dir='ltr'>plurimis</span> <span class='ocrx_word' id='word_1_13' title='bbox 761 386 960 419; x_wconf 86' lang='lat' dir='ltr'>oratorum</span> <span class='ocrx_word' id='word_1_14' title='bbox 994 382 1214 420; x_wconf 86' lang='lat' dir='ltr'>Atticorum</span> <span class='ocrx_word' id='word_1_15' title='bbox 1253 394 1381 420; x_wconf 88' lang='lat' dir='ltr'>sermo</span> <span class='ocrx_word' id='word_1_16' title='bbox 1414 383 1530 421; x_wconf 85' lang='lat' dir='ltr'>valde</span> <span class='ocrx_word' id='word_1_17' title='bbox 1561 386 1766 433; x_wconf 87' lang='lat' dir='ltr'>neglectus</span> <span class='ocrx_word' id='word_1_18' title='bbox 1796 387 1846 424; x_wconf 86' lang='lat' dir='ltr'>sit</span> 
     </span>
     <span class='ocr_line' id='line_1_4' title="bbox 362 448 1842 500; baseline 0.005 -15"><span class='ocrx_word' id='word_1_19' title='bbox 362 470 410 474; x_wconf 93' lang='lat'>—</span> <span class='ocrx_word' id='word_1_20' title='bbox 444 448 481 486; x_wconf 92' lang='lat' dir='ltr'>id</span> <span class='ocrx_word' id='word_1_21' title='bbox 506 449 611 498; x_wconf 88' lang='lat' dir='ltr'>quod</span> <span class='ocrx_word' id='word_1_22' title='bbox 638 450 802 487; x_wconf 79' lang='lat' dir='ltr'>maxime</span> <span class='ocrx_word' id='word_1_23' title='bbox 825 451 1077 499; x_wconf 86' lang='lat' dir='ltr'>perspicuum</span> <span class='ocrx_word' id='word_1_24' title='bbox 1101 454 1171 499; x_wconf 83' lang='lat' dir='ltr'>est,</span> <span class='ocrx_word' id='word_1_25' title='bbox 1202 451 1232 488; x_wconf 88' lang='lat' dir='ltr'>si</span> <span class='ocrx_word' id='word_1_26' title='bbox 1257 463 1357 500; x_wconf 87' lang='lat' dir='ltr'>quae</span> <span class='ocrx_word' id='word_1_27' title='bbox 1380 451 1427 488; x_wconf 88' lang='lat' dir='ltr'>de</span> <span class='ocrx_word' id='word_1_28' title='bbox 1460 464 1505 489; x_wconf 86' lang='lat' dir='ltr'>eo</span> <span class='ocrx_word' id='word_1_29' title='bbox 1539 452 1726 491; x_wconf 89' lang='lat' dir='ltr'>habemus</span> <span class='ocrx_word' id='word_1_30' title='bbox 1757 467 1842 492; x_wconf 91' lang='lat' dir='ltr'>cum</span> 
     </span>
     <span class='ocr_line' id='line_1_5' title="bbox 361 518 1845 567; baseline 0.004 -12"><span class='ocrx_word' id='word_1_31' title='bbox 361 518 406 555; x_wconf 90' lang='lat' dir='ltr'>iis</span> <span class='ocrx_word' id='word_1_32' title='bbox 438 529 726 566; x_wconf 80' lang='lat' dir='ltr'>comparamus,</span> <span class='ocrx_word' id='word_1_33' title='bbox 758 531 861 567; x_wconf 90' lang='lat' dir='ltr'>quae</span> <span class='ocrx_word' id='word_1_34' title='bbox 885 518 933 555; x_wconf 87' lang='lat' dir='ltr'>de</span> <span class='ocrx_word' id='word_1_35' title='bbox 957 521 1160 567; x_wconf 88' lang='lat' dir='ltr'>poetarum</span> <span class='ocrx_word' id='word_1_36' title='bbox 1186 521 1224 555; x_wconf 85' lang='lat' dir='ltr'>et</span> <span class='ocrx_word' id='word_1_37' title='bbox 1253 519 1528 557; x_wconf 84' lang='lat' dir='ltr'>historicorum</span> <span class='ocrx_word' id='word_1_38' title='bbox 1558 520 1845 560; x_wconf 69' lang='lat' dir='ltr'>elocutionibus</span> 
     </span>
     <span class='ocr_line' id='line_1_6' title="bbox 359 581 1842 637; baseline 0.003 -15"><span class='ocrx_word' id='word_1_39' title='bbox 359 586 506 636; x_wconf 88' lang='lat' dir='ltr'>scripta</span> <span class='ocrx_word' id='word_1_40' title='bbox 538 590 630 623; x_wconf 88' lang='lat' dir='ltr'>sunt</span> <span class='ocrx_word' id='word_1_41' title='bbox 662 606 724 631; x_wconf 59' lang='lat'>—7</span> <span class='ocrx_word' id='word_1_42' title='bbox 768 581 1048 624; x_wconf 80' lang='lat' dir='ltr'>Demosthenis</span> <span class='ocrx_word' id='word_1_43' title='bbox 1080 589 1118 624; x_wconf 90' lang='lat' dir='ltr'>et</span> <span class='ocrx_word' id='word_1_44' title='bbox 1149 586 1333 636; x_wconf 81' lang='lat' dir='ltr'>aliorum,</span> <span class='ocrx_word' id='word_1_45' title='bbox 1375 600 1541 636; x_wconf 91' lang='lat' dir='ltr'>quorum</span> <span class='ocrx_word' id='word_1_46' title='bbox 1575 588 1723 637; x_wconf 83' lang='lat' dir='ltr'>scripta</span> <span class='ocrx_word' id='word_1_47' title='bbox 1753 589 1842 628; x_wconf 81' lang='lat' dir='ltr'>Cor-</span> 
     </span>
     <span class='ocr_line' id='line_1_7' title="bbox 359 654 1843 704; baseline 0.002 -13"><span class='ocrx_word' id='word_1_48' title='bbox 359 666 453 701; x_wconf 90' lang='lat' dir='ltr'>pore</span> <span class='ocrx_word' id='word_1_49' title='bbox 500 654 806 692; x_wconf 85' lang='lat' dir='ltr'>Demosthenico</span> <span class='ocrx_word' id='word_1_50' title='bbox 851 654 1106 701; x_wconf 82' lang='lat' dir='ltr'>exhibentur,</span> <span class='ocrx_word' id='word_1_51' title='bbox 1160 666 1269 691; x_wconf 88' lang='lat' dir='ltr'>usum</span> <span class='ocrx_word' id='word_1_52' title='bbox 1319 654 1475 693; x_wconf 89' lang='lat' dir='ltr'>dicendi</span> <span class='ocrx_word' id='word_1_53' title='bbox 1520 655 1753 704; x_wconf 89' lang='lat' dir='ltr'>quibusdam</span> <span class='ocrx_word' id='word_1_54' title='bbox 1797 669 1843 694; x_wconf 88' lang='lat' dir='ltr'>ex</span> 
     </span>
     <span class='ocr_line' id='line_1_8' title="bbox 359 722 1543 771; baseline 0.001 -12"><span class='ocrx_word' id='word_1_55' title='bbox 359 722 538 771; x_wconf 82' lang='lat' dir='ltr'>partibus</span> <span class='ocrx_word' id='word_1_56' title='bbox 569 735 628 759; x_wconf 89' lang='lat' dir='ltr'>me</span> <span class='ocrx_word' id='word_1_57' title='bbox 661 722 878 759; x_wconf 80' lang='lat' dir='ltr'>illustrasse</span> <span class='ocrx_word' id='word_1_58' title='bbox 911 735 988 759; x_wconf 95' lang='lat' dir='ltr'>non</span> <span class='ocrx_word' id='word_1_59' title='bbox 1022 722 1137 770; x_wconf 88' lang='lat' dir='ltr'>plane</span> <span class='ocrx_word' id='word_1_60' title='bbox 1169 722 1304 760; x_wconf 85' lang='lat' dir='ltr'>inutile</span> <span class='ocrx_word' id='word_1_61' title='bbox 1337 723 1543 760; x_wconf 89' lang='lat' dir='ltr'>videbitur.</span> 
     </span>
    </p>
   </div>
   <div class='ocr_carea' id='block_1_3' title="bbox 348 796 1878 2147">
    <p class='ocr_par' dir='ltr' id='par_1_3' title="bbox 348 796 1878 2147">
     <span class='ocr_line' id='line_1_9' title="bbox 471 796 1841 852; baseline 0.002 -13"><span class='ocrx_word' id='word_1_62' title='bbox 471 796 623 839; x_wconf 81' lang='lat' dir='ltr'>Deinde</span> <span class='ocrx_word' id='word_1_63' title='bbox 664 803 698 839; x_wconf 91' lang='lat' dir='ltr'>in</span> <span class='ocrx_word' id='word_1_64' title='bbox 732 802 859 839; x_wconf 87' lang='lat' dir='ltr'>altera</span> <span class='ocrx_word' id='word_1_65' title='bbox 891 801 1179 840; x_wconf 74' lang='lat' dir='ltr'>dissertationis</span> <span class='ocrx_word' id='word_1_66' title='bbox 1222 808 1333 851; x_wconf 86' lang='lat' dir='ltr'>parte</span> <span class='ocrx_word' id='word_1_67' title='bbox 1366 803 1626 851; x_wconf 75' lang='lat' dir='ltr'>perpendam,</span> <span class='ocrx_word' id='word_1_68' title='bbox 1669 804 1761 852; x_wconf 87' lang='lat' dir='ltr'>quid</span> <span class='ocrx_word' id='word_1_69' title='bbox 1795 817 1841 842; x_wconf 86' lang='lat' dir='ltr'>ex</span> 
     </span>
     <span class='ocr_line' id='line_1_10' title="bbox 358 870 1843 919; baseline 0.002 -12"><span class='ocrx_word' id='word_1_70' title='bbox 358 870 417 907; x_wconf 88' lang='lat' dir='ltr'>his</span> <span class='ocrx_word' id='word_1_71' title='bbox 450 870 785 919; x_wconf 83' lang='lat' dir='ltr'>disquisitionibus</span> <span class='ocrx_word' id='word_1_72' title='bbox 807 870 1070 919; x_wconf 74' lang='lat' dir='ltr'>grammaticis</span> <span class='ocrx_word' id='word_1_73' title='bbox 1101 870 1150 908; x_wconf 85' lang='lat' dir='ltr'>ad</span> <span class='ocrx_word' id='word_1_74' title='bbox 1184 871 1383 908; x_wconf 86' lang='lat' dir='ltr'>orationes</span> <span class='ocrx_word' id='word_1_75' title='bbox 1407 883 1497 908; x_wconf 88' lang='lat' dir='ltr'>vere</span> <span class='ocrx_word' id='word_1_76' title='bbox 1522 872 1843 910; x_wconf 83' lang='lat' dir='ltr'>Demosthenicas</span> 
     </span>
     <span class='ocr_line' id='line_1_11' title="bbox 356 938 1842 989; baseline 0.002 -14"><span class='ocrx_word' id='word_1_77' title='bbox 356 938 404 975; x_wconf 88' lang='lat' dir='ltr'>ab</span> <span class='ocrx_word' id='word_1_78' title='bbox 437 938 497 983; x_wconf 80' lang='lat' dir='ltr'>iis,</span> <span class='ocrx_word' id='word_1_79' title='bbox 539 938 682 987; x_wconf 88' lang='lat' dir='ltr'>quibus</span> <span class='ocrx_word' id='word_1_80' title='bbox 717 938 814 975; x_wconf 87' lang='lat' dir='ltr'>falso</span> <span class='ocrx_word' id='word_1_81' title='bbox 847 938 1122 976; x_wconf 87' lang='lat' dir='ltr'>Demosthenis</span> <span class='ocrx_word' id='word_1_82' title='bbox 1166 950 1305 976; x_wconf 90' lang='lat' dir='ltr'>nomen</span> <span class='ocrx_word' id='word_1_83' title='bbox 1340 940 1552 988; x_wconf 85' lang='lat' dir='ltr'>ascriptum</span> <span class='ocrx_word' id='word_1_84' title='bbox 1586 942 1657 989; x_wconf 88' lang='lat' dir='ltr'>est,</span> <span class='ocrx_word' id='word_1_85' title='bbox 1699 939 1842 978; x_wconf 87' lang='lat' dir='ltr'>discer-</span> 
     </span>
     <span class='ocr_line' id='line_1_12' title="bbox 356 1005 1842 1056; baseline 0.002 -13"><span class='ocrx_word' id='word_1_86' title='bbox 356 1005 507 1043; x_wconf 89' lang='lat' dir='ltr'>nendas</span> <span class='ocrx_word' id='word_1_87' title='bbox 540 1006 804 1055; x_wconf 85' lang='lat' dir='ltr'>colligendum</span> <span class='ocrx_word' id='word_1_88' title='bbox 844 1007 905 1043; x_wconf 88' lang='lat' dir='ltr'>sit.</span> <span class='ocrx_word' id='word_1_89' title='bbox 965 1006 1120 1043; x_wconf 83' lang='lat' dir='ltr'>Etenim</span> <span class='ocrx_word' id='word_1_90' title='bbox 1154 1019 1201 1043; x_wconf 86' lang='lat' dir='ltr'>ex</span> <span class='ocrx_word' id='word_1_91' title='bbox 1233 1007 1440 1056; x_wconf 81' lang='lat' dir='ltr'>sexaginta</span> <span class='ocrx_word' id='word_1_92' title='bbox 1471 1007 1515 1044; x_wconf 89' lang='lat' dir='ltr'>iis</span> <span class='ocrx_word' id='word_1_93' title='bbox 1548 1007 1842 1055; x_wconf 82' lang='lat' dir='ltr'>orationibus‚¹)</span> 
     </span>
     <span class='ocr_line' id='line_1_13' title="bbox 356 1072 1842 1124; baseline 0.001 -13"><span class='ocrx_word' id='word_1_94' title='bbox 356 1074 645 1123; x_wconf 84' lang='lat' dir='ltr'>quinquaginta</span> <span class='ocrx_word' id='word_1_95' title='bbox 676 1086 741 1112; x_wconf 86' lang='lat' dir='ltr'>sex</span> <span class='ocrx_word' id='word_1_96' title='bbox 776 1072 1037 1122; x_wconf 77' lang='lat' dir='ltr'>prooemiis,2)</span> <span class='ocrx_word' id='word_1_97' title='bbox 1080 1086 1149 1112; x_wconf 84' lang='lat' dir='ltr'>sex</span> <span class='ocrx_word' id='word_1_98' title='bbox 1182 1075 1378 1124; x_wconf 86' lang='lat' dir='ltr'>epistulis,</span> <span class='ocrx_word' id='word_1_99' title='bbox 1410 1087 1512 1124; x_wconf 88' lang='lat' dir='ltr'>quae</span> <span class='ocrx_word' id='word_1_100' title='bbox 1544 1088 1567 1112; x_wconf 85' lang='lat' dir='ltr'>a</span> <span class='ocrx_word' id='word_1_101' title='bbox 1599 1075 1842 1114; x_wconf 83' lang='lat' dir='ltr'>Callimacho</span> 
     </span>
     <span class='ocr_line' id='line_1_14' title="bbox 356 1142 1840 1193; baseline 0.003 -15"><span class='ocrx_word' id='word_1_102' title='bbox 356 1143 480 1190; x_wconf 90' lang='lat' dir='ltr'>primo</span> <span class='ocrx_word' id='word_1_103' title='bbox 526 1142 783 1180; x_wconf 89' lang='lat' dir='ltr'>Demostheni</span> <span class='ocrx_word' id='word_1_104' title='bbox 828 1142 1016 1180; x_wconf 81' lang='lat' dir='ltr'>attributa</span> <span class='ocrx_word' id='word_1_105' title='bbox 1067 1154 1154 1180; x_wconf 86' lang='lat' dir='ltr'>esse</span> <span class='ocrx_word' id='word_1_106' title='bbox 1206 1147 1386 1180; x_wconf 77' lang='lat' dir='ltr'>constare</span> <span class='ocrx_word' id='word_1_107' title='bbox 1438 1142 1610 1190; x_wconf 87' lang='lat' dir='ltr'>videtur,</span> <span class='ocrx_word' id='word_1_108' title='bbox 1662 1157 1840 1193; x_wconf 85' lang='lat' dir='ltr'>magnam</span> 
     </span>
     <span class='ocr_line' id='line_1_15' title="bbox 354 1208 1842 1260; baseline 0.001 -14"><span class='ocrx_word' id='word_1_109' title='bbox 354 1212 505 1258; x_wconf 88' lang='lat' dir='ltr'>partem</span> <span class='ocrx_word' id='word_1_110' title='bbox 547 1210 722 1259; x_wconf 88' lang='lat' dir='ltr'>spuriam</span> <span class='ocrx_word' id='word_1_111' title='bbox 766 1221 851 1247; x_wconf 88' lang='lat' dir='ltr'>esse</span> <span class='ocrx_word' id='word_1_112' title='bbox 893 1213 932 1247; x_wconf 90' lang='lat' dir='ltr'>et</span> <span class='ocrx_word' id='word_1_113' title='bbox 972 1214 1128 1248; x_wconf 84' lang='lat' dir='ltr'>veteres</span> <span class='ocrx_word' id='word_1_114' title='bbox 1160 1211 1404 1259; x_wconf 79' lang='lat' dir='ltr'>grammatici</span> <span class='ocrx_word' id='word_1_115' title='bbox 1439 1208 1772 1260; x_wconf 59' lang='lat' dir='ltr'>perspexerunt-²¹)</span> <span class='ocrx_word' id='word_1_116' title='bbox 1804 1216 1842 1248; x_wconf 92' lang='lat' dir='ltr'>et</span> 
     </span>
     <span class='ocr_line' id='line_1_16' title="bbox 355 1277 1840 1327; baseline 0.001 -12"><span class='ocrx_word' id='word_1_117' title='bbox 355 1290 489 1315; x_wconf 89' lang='lat' dir='ltr'>omnes</span> <span class='ocrx_word' id='word_1_118' title='bbox 536 1279 602 1326; x_wconf 93' lang='lat' dir='ltr'>qui</span> <span class='ocrx_word' id='word_1_119' title='bbox 649 1277 709 1315; x_wconf 90' lang='lat' dir='ltr'>his</span> <span class='ocrx_word' id='word_1_120' title='bbox 755 1278 998 1327; x_wconf 87' lang='lat' dir='ltr'>temporibus</span> <span class='ocrx_word' id='word_1_121' title='bbox 1044 1278 1090 1315; x_wconf 87' lang='lat' dir='ltr'>de</span> <span class='ocrx_word' id='word_1_122' title='bbox 1139 1278 1184 1315; x_wconf 88' lang='lat' dir='ltr'>iis</span> <span class='ocrx_word' id='word_1_123' title='bbox 1231 1281 1397 1327; x_wconf 80' lang='lat' dir='ltr'>egerunt</span> <span class='ocrx_word' id='word_1_124' title='bbox 1442 1279 1705 1316; x_wconf 85' lang='lat' dir='ltr'>consentiunt.</span> <span class='ocrx_word' id='word_1_125' title='bbox 1763 1279 1840 1318; x_wconf 90' lang='lat' dir='ltr'>Sed</span> 
     </span>
     <span class='ocr_line' id='line_1_17' title="bbox 355 1346 1841 1396; baseline 0.001 -13"><span class='ocrx_word' id='word_1_126' title='bbox 355 1359 593 1395; x_wconf 84' lang='lat' dir='ltr'>quamquam</span> <span class='ocrx_word' id='word_1_127' title='bbox 637 1347 819 1395; x_wconf 85' lang='lat' dir='ltr'>permulti</span> <span class='ocrx_word' id='word_1_128' title='bbox 862 1347 899 1383; x_wconf 93' lang='lat' dir='ltr'>in</span> <span class='ocrx_word' id='word_1_129' title='bbox 943 1346 1003 1383; x_wconf 89' lang='lat' dir='ltr'>his</span> <span class='ocrx_word' id='word_1_130' title='bbox 1048 1346 1187 1384; x_wconf 88' lang='lat' dir='ltr'>studiis</span> <span class='ocrx_word' id='word_1_131' title='bbox 1228 1347 1373 1384; x_wconf 87' lang='lat' dir='ltr'>versati</span> <span class='ocrx_word' id='word_1_132' title='bbox 1412 1350 1521 1396; x_wconf 85' lang='lat' dir='ltr'>sunt,</span> <span class='ocrx_word' id='word_1_133' title='bbox 1561 1348 1656 1385; x_wconf 88' lang='lat' dir='ltr'>satis</span> <span class='ocrx_word' id='word_1_134' title='bbox 1697 1347 1841 1386; x_wconf 87' lang='lat' dir='ltr'>multae</span> 
     </span>
     <span class='ocr_line' id='line_1_18' title="bbox 355 1409 1878 1463; baseline 0.001 -12"><span class='ocrx_word' id='word_1_135' title='bbox 355 1420 447 1452; x_wconf 88' lang='lat' dir='ltr'>sunt</span> <span class='ocrx_word' id='word_1_136' title='bbox 498 1415 713 1462; x_wconf 89' lang='lat' dir='ltr'>orationes,</span> <span class='ocrx_word' id='word_1_137' title='bbox 764 1409 864 1463; x_wconf 81' lang='lat' dir='ltr'>quas</span> <span class='ocrx_word' id='word_1_138' title='bbox 915 1415 1003 1463; x_wconf 89' lang='lat' dir='ltr'>quis</span> <span class='ocrx_word' id='word_1_139' title='bbox 1063 1415 1341 1463; x_wconf 85' lang='lat' dir='ltr'>conscripserit</span> <span class='ocrx_word' id='word_1_140' title='bbox 1400 1415 1580 1453; x_wconf 82' lang='lat' dir='ltr'>dubitare</span> <span class='ocrx_word' id='word_1_141' title='bbox 1632 1415 1739 1462; x_wconf 83' lang='lat' dir='ltr'>licet,</span> <span class='ocrx_word' id='word_1_142' title='bbox 1800 1420 1841 1453; x_wconf 85' lang='lat' dir='ltr'>ut</span> <span class='ocrx_word' id='word_1_143' title='bbox 1875 1412 1878 1415; x_wconf 50' lang='lat'>¹</span> 
     </span>
     <span class='ocr_line' id='line_1_19' title="bbox 356 1471 1841 1532; baseline 0.001 -13"><span class='ocrx_word' id='word_1_144' title='bbox 356 1495 410 1519; x_wconf 89' lang='lat' dir='ltr'>or.</span> <span class='ocrx_word' id='word_1_145' title='bbox 434 1485 496 1520; x_wconf 82' lang='lat'>25.</span> <span class='ocrx_word' id='word_1_146' title='bbox 520 1472 618 1518; x_wconf 73' lang='grc' dir='ltr'>κατ’</span> <span class='ocrx_word' id='word_1_147' title='bbox 640 1471 1010 1531; x_wconf 69' lang='grc' dir='ltr'><strong><em>Ἀριστογείτονος</em></strong></span> <span class='ocrx_word' id='word_1_148' title='bbox 1033 1476 1085 1528; x_wconf 79' lang='grc' dir='ltr'>α’,</span> <span class='ocrx_word' id='word_1_149' title='bbox 1119 1484 1182 1520; x_wconf 82' lang='lat'>29.</span> <span class='ocrx_word' id='word_1_150' title='bbox 1204 1472 1315 1531; x_wconf 76' lang='grc' dir='ltr'>πρὸς</span> <span class='ocrx_word' id='word_1_151' title='bbox 1334 1473 1519 1530; x_wconf 74' lang='grc' dir='ltr'><strong><em>Ἄφοβον</em></strong></span> <span class='ocrx_word' id='word_1_152' title='bbox 1550 1471 1661 1532; x_wconf 70' lang='grc' dir='ltr'>ὑπὲρ</span> <span class='ocrx_word' id='word_1_153' title='bbox 1689 1476 1841 1520; x_wconf 78' lang='grc' dir='ltr'><strong><em>Φάνου</em></strong></span> 
     </span>
     <span class='ocr_line' id='line_1_20' title="bbox 352 1539 1841 1600; baseline 0.001 -13"><span class='ocrx_word' id='word_1_154' title='bbox 352 1546 765 1600; x_wconf 67' lang='grc' dir='ltr'>ψευδομαρτυρίων,</span> <span class='ocrx_word' id='word_1_155' title='bbox 804 1552 867 1589; x_wconf 79' lang='lat'>39.</span> <span class='ocrx_word' id='word_1_156' title='bbox 889 1542 1001 1598; x_wconf 79' lang='grc' dir='ltr'>πρὸς</span> <span class='ocrx_word' id='word_1_157' title='bbox 1032 1543 1238 1587; x_wconf 71' lang='grc' dir='ltr'><strong><em>Βοιωτὸν</em></strong></span> <span class='ocrx_word' id='word_1_158' title='bbox 1267 1546 1368 1599; x_wconf 73' lang='grc' dir='ltr'>περὶ</span> <span class='ocrx_word' id='word_1_159' title='bbox 1399 1548 1481 1587; x_wconf 81' lang='grc' dir='ltr'>τοῦ</span> <span class='ocrx_word' id='word_1_160' title='bbox 1513 1539 1745 1599; x_wconf 79' lang='grc' dir='ltr'><strong><em>ὀνόματος,</em></strong></span> <span class='ocrx_word' id='word_1_161' title='bbox 1776 1553 1841 1589; x_wconf 86' lang='grc'>41.</span> 
     </span>
     <span class='ocr_line' id='line_1_21' title="bbox 351 1611 1840 1668; baseline 0.001 -13"><span class='ocrx_word' id='word_1_162' title='bbox 351 1611 463 1666; x_wconf 73' lang='grc' dir='ltr'>πρὸς</span> <span class='ocrx_word' id='word_1_163' title='bbox 494 1614 731 1655; x_wconf 68' lang='grc' dir='ltr'>Σπουδίαν</span> <span class='ocrx_word' id='word_1_164' title='bbox 766 1613 877 1667; x_wconf 72' lang='grc' dir='ltr'>ὑπὲρ</span> <span class='ocrx_word' id='word_1_165' title='bbox 918 1611 1118 1667; x_wconf 72' lang='grc' dir='ltr'><strong><em>προικός,</em></strong></span> <span class='ocrx_word' id='word_1_166' title='bbox 1164 1621 1228 1656; x_wconf 84' lang='grc'>45.</span> <span class='ocrx_word' id='word_1_167' title='bbox 1261 1611 1374 1654; x_wconf 82' lang='grc' dir='ltr'><em>κατὰ</em></span> <span class='ocrx_word' id='word_1_168' title='bbox 1405 1611 1643 1666; x_wconf 66' lang='grc' dir='ltr'>Στεφάνου</span> <span class='ocrx_word' id='word_1_169' title='bbox 1679 1613 1840 1668; x_wconf 77' lang='grc' dir='ltr'><strong><em>ψευδο-</em></strong></span> 
     </span>
     <span class='ocr_line' id='line_1_22' title="bbox 351 1680 1841 1737; baseline 0.002 -14"><span class='ocrx_word' id='word_1_170' title='bbox 351 1683 606 1736; x_wconf 67' lang='grc' dir='ltr'><em>μαρτυρίων</em></span> <span class='ocrx_word' id='word_1_171' title='bbox 639 1680 690 1733; x_wconf 77' lang='grc' dir='ltr'>α’,</span> <span class='ocrx_word' id='word_1_172' title='bbox 723 1690 786 1725; x_wconf 82' lang='lat'>55.</span> <span class='ocrx_word' id='word_1_173' title='bbox 808 1680 921 1735; x_wconf 77' lang='grc' dir='ltr'><em>πρὸς</em></span> <span class='ocrx_word' id='word_1_174' title='bbox 952 1682 1203 1724; x_wconf 72' lang='grc' dir='ltr'><em>Καλλικλέα</em></span> <span class='ocrx_word' id='word_1_175' title='bbox 1235 1682 1337 1736; x_wconf 73' lang='grc' dir='ltr'>περὶ</span> <span class='ocrx_word' id='word_1_176' title='bbox 1364 1684 1533 1736; x_wconf 78' lang='grc' dir='ltr'><strong><em>χωρίου</em></strong></span> <span class='ocrx_word' id='word_1_177' title='bbox 1565 1680 1742 1737; x_wconf 75' lang='grc' dir='ltr'><em>βλάβης,</em></span> <span class='ocrx_word' id='word_1_178' title='bbox 1774 1689 1841 1726; x_wconf 86' lang='grc'>57.</span> 
     </span>
     <span class='ocr_line' id='line_1_23' title="bbox 353 1745 1839 1806; baseline 0.001 -15"><span class='ocrx_word' id='word_1_179' title='bbox 353 1748 495 1803; x_wconf 72' lang='grc' dir='ltr'><strong><em>ἔφεσις</em></strong></span> <span class='ocrx_word' id='word_1_180' title='bbox 516 1748 627 1805; x_wconf 77' lang='grc' dir='ltr'>πρὸς</span> <span class='ocrx_word' id='word_1_181' title='bbox 650 1745 934 1806; x_wconf 55' lang='grc' dir='ltr'>Εὐβουλίδην</span> <span class='ocrx_word' id='word_1_182' title='bbox 966 1755 1033 1805; x_wconf 81' lang='lat' dir='ltr'>al.;</span> <span class='ocrx_word' id='word_1_183' title='bbox 1065 1755 1237 1804; x_wconf 84' lang='lat' dir='ltr'>itemque</span> <span class='ocrx_word' id='word_1_184' title='bbox 1269 1755 1315 1791; x_wconf 81' lang='lat' dir='ltr'>de</span> <span class='ocrx_word' id='word_1_185' title='bbox 1349 1755 1559 1803; x_wconf 88' lang='lat' dir='ltr'>prooemiis</span> <span class='ocrx_word' id='word_1_186' title='bbox 1591 1759 1629 1792; x_wconf 92' lang='lat' dir='ltr'>et</span> <span class='ocrx_word' id='word_1_187' title='bbox 1659 1756 1839 1804; x_wconf 83' lang='lat' dir='ltr'>epistulis</span> 
     </span>
     <span class='ocr_line' id='line_1_24' title="bbox 352 1823 1838 1872; baseline 0 -11"><span class='ocrx_word' id='word_1_188' title='bbox 352 1824 496 1861; x_wconf 87' lang='lat' dir='ltr'>iudicia</span> <span class='ocrx_word' id='word_1_189' title='bbox 540 1825 705 1861; x_wconf 84' lang='lat' dir='ltr'>maxime</span> <span class='ocrx_word' id='word_1_190' title='bbox 749 1823 971 1861; x_wconf 80' lang='lat' dir='ltr'>discedunt.</span> <span class='ocrx_word' id='word_1_191' title='bbox 1032 1823 1142 1870; x_wconf 80' lang='lat' dir='ltr'>Quae</span> <span class='ocrx_word' id='word_1_192' title='bbox 1176 1823 1265 1859; x_wconf 93' lang='lat' dir='ltr'>mihi</span> <span class='ocrx_word' id='word_1_193' title='bbox 1301 1823 1519 1872; x_wconf 84' lang='lat' dir='ltr'>reputanti,</span> <span class='ocrx_word' id='word_1_194' title='bbox 1559 1835 1645 1860; x_wconf 90' lang='lat' dir='ltr'>cum</span> <span class='ocrx_word' id='word_1_195' title='bbox 1680 1824 1838 1872; x_wconf 83' lang='lat' dir='ltr'>linguae</span> 
     </span>
     <span class='ocr_line' id='line_1_25' title="bbox 349 1891 1837 1941; baseline -0.001 -11"><span class='ocrx_word' id='word_1_196' title='bbox 349 1897 580 1931; x_wconf 86' lang='lat' dir='ltr'>accuratam</span> <span class='ocrx_word' id='word_1_197' title='bbox 623 1894 798 1931; x_wconf 87' lang='lat' dir='ltr'>notitiam</span> <span class='ocrx_word' id='word_1_198' title='bbox 831 1893 879 1930; x_wconf 82' lang='lat' dir='ltr'>ad</span> <span class='ocrx_word' id='word_1_199' title='bbox 914 1893 1115 1930; x_wconf 81' lang='lat' dir='ltr'>historiam</span> <span class='ocrx_word' id='word_1_200' title='bbox 1148 1892 1366 1930; x_wconf 86' lang='lat' dir='ltr'>litterarum</span> <span class='ocrx_word' id='word_1_201' title='bbox 1410 1891 1681 1929; x_wconf 86' lang='lat' dir='ltr'>illustrandam</span> <span class='ocrx_word' id='word_1_202' title='bbox 1720 1893 1837 1941; x_wconf 89' lang='lat' dir='ltr'>pluri-</span> 
     </span>
     <span class='ocr_line' id='line_1_26' title="bbox 349 1958 1838 2011; baseline -0.001 -12"><span class='ocrx_word' id='word_1_203' title='bbox 349 1974 450 1999; x_wconf 91' lang='lat' dir='ltr'>mum</span> <span class='ocrx_word' id='word_1_204' title='bbox 485 1962 677 2011; x_wconf 82' lang='lat' dir='ltr'>proficere</span> <span class='ocrx_word' id='word_1_205' title='bbox 710 1974 756 1998; x_wconf 75' lang='lat' dir='ltr'>ex</span> <span class='ocrx_word' id='word_1_206' title='bbox 790 1958 1088 2009; x_wconf 52' lang='lat' dir='ltr'>Bernhardyifl)</span> <span class='ocrx_word' id='word_1_207' title='bbox 1132 1958 1482 2008; x_wconf 74' lang='lat' dir='ltr'>Dittenbergel·i‚5)</span> <span class='ocrx_word' id='word_1_208' title='bbox 1524 1960 1571 1997; x_wconf 82' lang='lat' dir='ltr'>al.</span> <span class='ocrx_word' id='word_1_209' title='bbox 1603 1964 1838 1998; x_wconf 88' lang='lat' dir='ltr'>commenta-</span> 
     </span>
     <span class='ocr_line' id='line_1_27' title="bbox 348 2027 1837 2079; baseline -0.001 -12"><span class='ocrx_word' id='word_1_210' title='bbox 348 2030 521 2067; x_wconf 87' lang='lat' dir='ltr'>tionibus</span> <span class='ocrx_word' id='word_1_211' title='bbox 562 2041 792 2079; x_wconf 89' lang='lat' dir='ltr'>persuasum</span> <span class='ocrx_word' id='word_1_212' title='bbox 835 2029 1019 2067; x_wconf 86' lang='lat' dir='ltr'>haberem</span> <span class='ocrx_word' id='word_1_213' title='bbox 1059 2040 1188 2077; x_wconf 88' lang='lat' dir='ltr'>neque</span> <span class='ocrx_word' id='word_1_214' title='bbox 1226 2027 1273 2065; x_wconf 87' lang='lat' dir='ltr'>ab</span> <span class='ocrx_word' id='word_1_215' title='bbox 1317 2029 1404 2065; x_wconf 89' lang='lat' dir='ltr'>aliis</span> <span class='ocrx_word' id='word_1_216' title='bbox 1436 2028 1536 2065; x_wconf 90' lang='lat' dir='ltr'>idem</span> <span class='ocrx_word' id='word_1_217' title='bbox 1570 2029 1837 2077; x_wconf 86' lang='lat' dir='ltr'>spectantibus</span> 
     </span>
     <span class='ocr_line' id='line_1_28' title="bbox 348 2096 1836 2147; baseline -0.001 -12"><span class='ocrx_word' id='word_1_218' title='bbox 348 2099 531 2136; x_wconf 89' lang='lat' dir='ltr'>maiorem</span> <span class='ocrx_word' id='word_1_219' title='bbox 565 2098 736 2147; x_wconf 88' lang='lat' dir='ltr'>aliquam</span> <span class='ocrx_word' id='word_1_220' title='bbox 770 2103 920 2147; x_wconf 87' lang='lat' dir='ltr'>partem</span> <span class='ocrx_word' id='word_1_221' title='bbox 945 2097 1122 2145; x_wconf 86' lang='lat' dir='ltr'>syntaxis</span> <span class='ocrx_word' id='word_1_222' title='bbox 1145 2096 1474 2133; x_wconf 89' lang='lat' dir='ltr'>Demosthenicae</span> <span class='ocrx_word' id='word_1_223' title='bbox 1505 2096 1540 2133; x_wconf 91' lang='lat' dir='ltr'>in</span> <span class='ocrx_word' id='word_1_224' title='bbox 1565 2097 1836 2145; x_wconf 83' lang='lat' dir='ltr'>quaestionem</span> 
     </span>
    </p>
   </div>
   <div class='ocr_carea' id='block_1_4' title="bbox 424 2175 524 2179">
    <p class='ocr_par' dir='ltr' id='par_1_4' title="bbox 424 2175 524 2179">
     <span class='ocr_line' id='line_1_29' title="bbox 424 2175 524 2179; baseline 0 0"><span class='ocrx_word' id='word_1_225' title='bbox 424 2175 524 2179; x_wconf 95' lang='lat' dir='ltr'> </span> 
     </span>
    </p>
   </div>
   <div class='ocr_carea' id='block_1_5' title="bbox 463 2213 1837 2262">
    <p class='ocr_par' dir='ltr' id='par_1_5' title="bbox 463 2213 1837 2262">
     <span class='ocr_line' id='line_1_30' title="bbox 463 2213 1837 2262; baseline -0.001 -11"><span class='ocrx_word' id='word_1_226' title='bbox 463 2218 489 2261; x_wconf 90' lang='lat'>¹)</span> <span class='ocrx_word' id='word_1_227' title='bbox 517 2217 688 2262; x_wconf 83' lang='lat' dir='ltr'>Epistula</span> <span class='ocrx_word' id='word_1_228' title='bbox 706 2216 879 2260; x_wconf 89' lang='lat' dir='ltr'>Philippi,</span> <span class='ocrx_word' id='word_1_229' title='bbox 904 2225 998 2259; x_wconf 86' lang='lat' dir='ltr'>quae</span> <span class='ocrx_word' id='word_1_230' title='bbox 1025 2215 1200 2258; x_wconf 85' lang='lat' dir='ltr'>Corporis</span> <span class='ocrx_word' id='word_1_231' title='bbox 1219 2213 1493 2248; x_wconf 87' lang='lat' dir='ltr'>Demosthenici</span> <span class='ocrx_word' id='word_1_232' title='bbox 1520 2215 1637 2248; x_wconf 88' lang='lat' dir='ltr'>locum</span> <span class='ocrx_word' id='word_1_233' title='bbox 1665 2215 1837 2249; x_wconf 87' lang='lat' dir='ltr'>duodeci-</span> 
     </span>
    </p>
   </div>
   <div class='ocr_carea' id='block_1_6' title="bbox 346 2271 1837 2431">
    <p class='ocr_par' dir='ltr' id='par_1_6' title="bbox 346 2271 1837 2431">
     <span class='ocr_line' id='line_1_31' title="bbox 348 2271 1836 2316; baseline 0 -10"><span class='ocrx_word' id='word_1_234' title='bbox 348 2285 441 2307; x_wconf 88' lang='lat' dir='ltr'>mum</span> <span class='ocrx_word' id='word_1_235' title='bbox 469 2274 625 2310; x_wconf 81' lang='lat' dir='ltr'>obtinet,</span> <span class='ocrx_word' id='word_1_236' title='bbox 653 2273 880 2307; x_wconf 89' lang='lat' dir='ltr'>secludenda</span> <span class='ocrx_word' id='word_1_237' title='bbox 905 2276 973 2306; x_wconf 89' lang='lat' dir='ltr'>est.</span> <span class='ocrx_word' id='word_1_238' title='bbox 1102 2272 1128 2316; x_wconf 70' lang='grc'>2)</span> <span class='ocrx_word' id='word_1_239' title='bbox 1156 2271 1222 2304; x_wconf 93' lang='lat' dir='ltr'>Vel</span> <span class='ocrx_word' id='word_1_240' title='bbox 1250 2271 1375 2313; x_wconf 85' lang='lat' dir='ltr'>potius</span> <span class='ocrx_word' id='word_1_241' title='bbox 1402 2271 1730 2315; x_wconf 79' lang='lat' dir='ltr'>duodesexaginta.</span> <span class='ocrx_word' id='word_1_242' title='bbox 1781 2271 1836 2306; x_wconf 80' lang='lat' dir='ltr'>Cf.</span> 
     </span>
     <span class='ocr_line' id='line_1_32' title="bbox 346 2326 1835 2372; baseline -0.001 -8"><span class='ocrx_word' id='word_1_243' title='bbox 346 2331 462 2372; x_wconf 81' lang='lat' dir='ltr'>Blass,</span> <span class='ocrx_word' id='word_1_244' title='bbox 488 2331 565 2365; x_wconf 78' lang='lat' dir='ltr'>Att.</span> <span class='ocrx_word' id='word_1_245' title='bbox 592 2331 738 2364; x_wconf 80' lang='lat' dir='ltr'>Bereds</span> <span class='ocrx_word' id='word_1_246' title='bbox 768 2329 833 2364; x_wconf 87' lang='lat'>111.</span> <span class='ocrx_word' id='word_1_247' title='bbox 857 2331 981 2364; x_wconf 82' lang='lat'><strong>21893.</strong></span> <span class='ocrx_word' id='word_1_248' title='bbox 1007 2340 1040 2372; x_wconf 89' lang='lat' dir='ltr'>p.</span> <span class='ocrx_word' id='word_1_249' title='bbox 1056 2331 1132 2362; x_wconf 81' lang='lat'><strong>322.</strong></span> <span class='ocrx_word' id='word_1_250' title='bbox 1272 2328 1299 2371; x_wconf 82' lang='lat'>3)</span> <span class='ocrx_word' id='word_1_251' title='bbox 1327 2326 1381 2362; x_wconf 89' lang='lat' dir='ltr'>Cf.</span> <span class='ocrx_word' id='word_1_252' title='bbox 1409 2328 1513 2361; x_wconf 84' lang='lat' dir='ltr'>Blass</span> <span class='ocrx_word' id='word_1_253' title='bbox 1539 2328 1559 2362; x_wconf 87' lang='lat' dir='ltr'>l.</span> <span class='ocrx_word' id='word_1_254' title='bbox 1583 2339 1613 2363; x_wconf 89' lang='lat' dir='ltr'>c.</span> <span class='ocrx_word' id='word_1_255' title='bbox 1640 2340 1673 2372; x_wconf 91' lang='lat' dir='ltr'>p.</span> <span class='ocrx_word' id='word_1_256' title='bbox 1689 2332 1729 2363; x_wconf 87' lang='lat'>53</span> <span class='ocrx_word' id='word_1_257' title='bbox 1756 2339 1835 2372; x_wconf 86' lang='lat' dir='ltr'>sqq.</span> 
     </span>
     <span class='ocr_line' id='line_1_33' title="bbox 346 2384 1837 2431; baseline -0.002 -10"><span class='ocrx_word' id='word_1_258' title='bbox 346 2387 499 2431; x_wconf 81' lang='lat' dir='ltr'>passim3</span> <span class='ocrx_word' id='word_1_259' title='bbox 527 2386 774 2430; x_wconf 74' lang='lat' dir='ltr'>Chronologia</span> <span class='ocrx_word' id='word_1_260' title='bbox 799 2386 903 2419; x_wconf 90' lang='lat' dir='ltr'>Dem.</span> <span class='ocrx_word' id='word_1_261' title='bbox 929 2386 986 2419; x_wconf 89' lang='lat' dir='ltr'>ed.</span> <span class='ocrx_word' id='word_1_262' title='bbox 1012 2384 1198 2418; x_wconf 66' lang='lat' dir='ltr'>Teubml.</span> <span class='ocrx_word' id='word_1_263' title='bbox 1224 2388 1287 2428; x_wconf 89' lang='lat' dir='ltr'>p.l</span> <span class='ocrx_word' id='word_1_264' title='bbox 1319 2394 1399 2427; x_wconf 88' lang='lat' dir='ltr'>sqq.</span> <span class='ocrx_word' id='word_1_265' title='bbox 1505 2386 1533 2427; x_wconf 75' lang='lat'>⁴)</span> <span class='ocrx_word' id='word_1_266' title='bbox 1558 2384 1837 2428; x_wconf 76' lang='lat' dir='ltr'>Paralipomena</span> 
     </span>
    </p>
   </div>
   <div class='ocr_carea' id='block_1_7' title="bbox 344 2440 1834 2881">
    <p class='ocr_par' dir='ltr' id='par_1_7' title="bbox 344 2440 1834 2881">
     <span class='ocr_line' id='line_1_34' title="bbox 345 2440 1834 2487; baseline -0.002 -9"><span class='ocrx_word' id='word_1_267' title='bbox 345 2447 454 2487; x_wconf 74' lang='lat' dir='ltr'>p.33:</span> <span class='ocrx_word' id='word_1_268' title='bbox 504 2444 721 2487; x_wconf 65' lang='lat' dir='ltr'>„Historiam</span> <span class='ocrx_word' id='word_1_269' title='bbox 759 2443 962 2477; x_wconf 83' lang='lat' dir='ltr'>litterarum</span> <span class='ocrx_word' id='word_1_270' title='bbox 1001 2441 1223 2475; x_wconf 81' lang='lat' dir='ltr'>Graecarum</span> <span class='ocrx_word' id='word_1_271' title='bbox 1261 2451 1318 2474; x_wconf 84' lang='lat' dir='ltr'>ars</span> <span class='ocrx_word' id='word_1_272' title='bbox 1351 2444 1388 2475; x_wconf 87' lang='lat' dir='ltr'>et</span> <span class='ocrx_word' id='word_1_273' title='bbox 1420 2440 1579 2474; x_wconf 82' lang='lat' dir='ltr'>elocutio</span> <span class='ocrx_word' id='word_1_274' title='bbox 1617 2441 1834 2485; x_wconf 87' lang='lat' dir='ltr'>scriptorum</span> 
     </span>
     <span class='ocr_line' id='line_1_35' title="bbox 345 2497 1832 2544; baseline -0.003 -10"><span class='ocrx_word' id='word_1_275' title='bbox 345 2501 491 2544; x_wconf 89' lang='lat' dir='ltr'>plenius</span> <span class='ocrx_word' id='word_1_276' title='bbox 517 2506 693 2544; x_wconf 79' lang='lat' dir='ltr'>percepta</span> <span class='ocrx_word' id='word_1_277' title='bbox 718 2499 955 2534; x_wconf 86' lang='lat' dir='ltr'>corroborare</span> <span class='ocrx_word' id='word_1_278' title='bbox 981 2498 1078 2532; x_wconf 86' lang='lat' dir='ltr'>solet</span> <span class='ocrx_word' id='word_1_279' title='bbox 1102 2501 1139 2531; x_wconf 88' lang='lat' dir='ltr'>et</span> <span class='ocrx_word' id='word_1_280' title='bbox 1165 2497 1310 2540; x_wconf 81' lang='lat' dir='ltr'>longius</span> <span class='ocrx_word' id='word_1_281' title='bbox 1329 2500 1530 2541; x_wconf 85' lang='lat' dir='ltr'>promovet,</span> <span class='ocrx_word' id='word_1_282' title='bbox 1557 2498 1771 2541; x_wconf 82' lang='lat' dir='ltr'>praesertim</span> <span class='ocrx_word' id='word_1_283' title='bbox 1797 2498 1832 2531; x_wconf 91' lang='lat' dir='ltr'>in</span> 
     </span>
     <span class='ocr_line' id='line_1_36' title="bbox 345 2552 1833 2600; baseline -0.001 -10"><span class='ocrx_word' id='word_1_284' title='bbox 345 2557 544 2591; x_wconf 87' lang='lat' dir='ltr'>reconditis</span> <span class='ocrx_word' id='word_1_285' title='bbox 570 2557 642 2590; x_wconf 89' lang='lat' dir='ltr'>illis</span> <span class='ocrx_word' id='word_1_286' title='bbox 669 2556 854 2600; x_wconf 72' lang='lat' dir='ltr'>capitibus</span> <span class='ocrx_word' id='word_1_287' title='bbox 881 2559 918 2589; x_wconf 86' lang='lat' dir='ltr'>et</span> <span class='ocrx_word' id='word_1_288' title='bbox 943 2554 1102 2588; x_wconf 88' lang='lat' dir='ltr'>omnium</span> <span class='ocrx_word' id='word_1_289' title='bbox 1128 2552 1283 2587; x_wconf 85' lang='lat' dir='ltr'>maxime</span> <span class='ocrx_word' id='word_1_290' title='bbox 1308 2553 1546 2597; x_wconf 83' lang='lat' dir='ltr'>necessariis,</span> <span class='ocrx_word' id='word_1_291' title='bbox 1579 2564 1671 2598; x_wconf 84' lang='lat' dir='ltr'>qnae</span> <span class='ocrx_word' id='word_1_292' title='bbox 1696 2554 1833 2588; x_wconf 86' lang='lat' dir='ltr'>nostris</span> 
     </span>
     <span class='ocr_line' id='line_1_37' title="bbox 347 2609 1833 2656; baseline -0.002 -10"><span class='ocrx_word' id='word_1_293' title='bbox 347 2614 470 2656; x_wconf 87' lang='lat' dir='ltr'>potius</span> <span class='ocrx_word' id='word_1_294' title='bbox 498 2613 670 2647; x_wconf 85' lang='lat' dir='ltr'>sensibus</span> <span class='ocrx_word' id='word_1_295' title='bbox 697 2618 733 2646; x_wconf 85' lang='lat' dir='ltr'>et</span> <span class='ocrx_word' id='word_1_296' title='bbox 757 2612 905 2646; x_wconf 88' lang='lat' dir='ltr'>iudiciis</span> <span class='ocrx_word' id='word_1_297' title='bbox 937 2621 1044 2654; x_wconf 84' lang='lat' dir='ltr'>quam</span> <span class='ocrx_word' id='word_1_298' title='bbox 1071 2609 1357 2643; x_wconf 79' lang='lat' dir='ltr'>auctoritatibus</span> <span class='ocrx_word' id='word_1_299' title='bbox 1390 2609 1573 2643; x_wconf 88' lang='lat' dir='ltr'>hominum</span> <span class='ocrx_word' id='word_1_300' title='bbox 1600 2610 1833 2654; x_wconf 81' lang='lat' dir='ltr'>antiquorum</span> 
     </span>
     <span class='ocr_line' id='line_1_38' title="bbox 345 2665 1832 2710; baseline -0.001 -8"><span class='ocrx_word' id='word_1_301' title='bbox 345 2671 559 2710; x_wconf 71' lang='lat' dir='ltr'>regunt.ur“.</span> <span class='ocrx_word' id='word_1_302' title='bbox 691 2672 718 2709; x_wconf 77' lang='grc'>5)</span> <span class='ocrx_word' id='word_1_303' title='bbox 743 2669 895 2702; x_wconf 83' lang='lat' dir='ltr'>Hermes</span> <span class='ocrx_word' id='word_1_304' title='bbox 909 2667 1008 2702; x_wconf 85' lang='lat' dir='ltr'>XVI.</span> <span class='ocrx_word' id='word_1_305' title='bbox 1034 2677 1067 2710; x_wconf 91' lang='lat' dir='ltr'>p.</span> <span class='ocrx_word' id='word_1_306' title='bbox 1083 2669 1165 2699; x_wconf 80' lang='lat'>321:</span> <span class='ocrx_word' id='word_1_307' title='bbox 1207 2665 1301 2710; x_wconf 80' lang='lat' dir='ltr'>„Wo</span> <span class='ocrx_word' id='word_1_308' title='bbox 1327 2666 1417 2699; x_wconf 84' lang='lat' dir='ltr'>iiber</span> <span class='ocrx_word' id='word_1_309' title='bbox 1444 2666 1614 2700; x_wconf 78' lang='lat' dir='ltr'>Echtlieit</span> <span class='ocrx_word' id='word_1_310' title='bbox 1647 2668 1735 2700; x_wconf 86' lang='lat' dir='ltr'>oder</span> <span class='ocrx_word' id='word_1_311' title='bbox 1762 2666 1832 2700; x_wconf 89' lang='lat' dir='ltr'>Un-</span> 
     </span>
     <span class='ocr_line' id='line_1_39' title="bbox 346 2721 1832 2766; baseline -0.003 -7"><span class='ocrx_word' id='word_1_312' title='bbox 346 2725 509 2759; x_wconf 83' lang='lat' dir='ltr'>echtheit</span> <span class='ocrx_word' id='word_1_313' title='bbox 541 2727 642 2760; x_wconf 85' lang='lat' dir='ltr'>eines</span> <span class='ocrx_word' id='word_1_314' title='bbox 674 2725 959 2759; x_wconf 72' lang='lat' dir='ltr'>Schriftstellers</span> <span class='ocrx_word' id='word_1_315' title='bbox 999 2721 1234 2756; x_wconf 87' lang='lat' dir='ltr'>entschieden</span> <span class='ocrx_word' id='word_1_316' title='bbox 1270 2722 1415 2756; x_wconf 73' lang='lat' dir='ltr'>werden</span> <span class='ocrx_word' id='word_1_317' title='bbox 1449 2723 1536 2766; x_wconf 82' lang='lat' dir='ltr'>soll,</span> <span class='ocrx_word' id='word_1_318' title='bbox 1574 2723 1619 2756; x_wconf 77' lang='lat' dir='ltr'>da</span> <span class='ocrx_word' id='word_1_319' title='bbox 1658 2723 1751 2756; x_wconf 88' lang='lat' dir='ltr'>kann</span> <span class='ocrx_word' id='word_1_320' title='bbox 1793 2733 1832 2756; x_wconf 83' lang='lat' dir='ltr'>cs</span> 
     </span>
     <span class='ocr_line' id='line_1_40' title="bbox 344 2778 1832 2825; baseline -0.003 -11"><span class='ocrx_word' id='word_1_321' title='bbox 344 2782 451 2815; x_wconf 84' lang='lat' dir='ltr'>keine</span> <span class='ocrx_word' id='word_1_322' title='bbox 490 2782 777 2825; x_wconf 67' lang='lat' dir='ltr'>zuverliissigerc</span> <span class='ocrx_word' id='word_1_323' title='bbox 815 2781 1030 2822; x_wconf 78' lang='lat' dir='ltr'>Grundlage</span> <span class='ocrx_word' id='word_1_324' title='bbox 1069 2779 1133 2812; x_wconf 87' lang='lat' dir='ltr'>der</span> <span class='ocrx_word' id='word_1_325' title='bbox 1165 2778 1451 2821; x_wconf 83' lang='lat' dir='ltr'>Untersuchung</span> <span class='ocrx_word' id='word_1_326' title='bbox 1487 2780 1624 2822; x_wconf 79' lang='lat' dir='ltr'>geben,</span> <span class='ocrx_word' id='word_1_327' title='bbox 1661 2779 1714 2811; x_wconf 86' lang='lat' dir='ltr'>als</span> <span class='ocrx_word' id='word_1_328' title='bbox 1752 2779 1832 2811; x_wconf 84' lang='lat' dir='ltr'>eino</span> 
     </span>
     <span class='ocr_line' id='line_1_41' title="bbox 344 2834 1669 2881; baseline -0.001 -11"><span class='ocrx_word' id='word_1_329' title='bbox 344 2848 487 2881; x_wconf 75' lang='lat' dir='ltr'>genaue</span> <span class='ocrx_word' id='word_1_330' title='bbox 513 2838 585 2871; x_wconf 78' lang='lat' dir='ltr'>und</span> <span class='ocrx_word' id='word_1_331' title='bbox 614 2837 879 2881; x_wconf 77' lang='lat' dir='ltr'>eindringende</span> <span class='ocrx_word' id='word_1_332' title='bbox 904 2834 1171 2876; x_wconf 79' lang='lat' dir='ltr'>Beobaehmng</span> <span class='ocrx_word' id='word_1_333' title='bbox 1197 2835 1261 2868; x_wconf 87' lang='lat' dir='ltr'>des</span> <span class='ocrx_word' id='word_1_334' title='bbox 1288 2834 1669 2878; x_wconf 56' lang='lat' dir='ltr'>Sprachgebrauehsx·</span> 
     </span>
    </p>
   </div>
  </div>
 </body>
</html>
