2132 3358
1666 196 1715 232 27

341 305 382 353 3)
413 307 478 344 inf.
499 320 579 345 aor.
612 321 697 345 cum
731 308 898 345 articulo
932 307 1163 345 coniunctus
1196 309 1234 356 8,
1251 307 1362 357 56¹);
1401 307 1450 345 ad
1484 307 1715 356 particulam

228 363 339 410 ὥστε
373 375 518 412 relatus
551 378 725 424 23.212,
762 374 810 411 ad
844 367 995 426 ἐπειδή
1029 377 1205 424 19,306;
1250 388 1272 412 a
1306 375 1434 412 verbis
1466 374 1621 412 dicendi
1657 375 1717 412 vel

227 442 421 480 sentiendi
453 442 629 492 pendens
665 445 726 492 19,
747 444 824 482 193
856 442 905 479 al.

340 509 381 556 4)
413 514 513 560 part.
537 523 617 548 aor.
650 511 702 548 ita
735 514 979 560 usurpatum,
1020 513 1062 548 ut
1102 510 1132 548 si
1166 511 1203 548 in
1237 510 1397 548 verbum
1431 510 1577 548 finitum
1612 511 1715 560 quod

226 580 372 614 vocant
404 581 634 625 mutaretur,
668 577 746 616 ind.
769 590 850 616 aor.
883 578 1091 627 ponendus
1123 583 1236 623 esset⁷
1268 581 1310 615 ut
1341 580 1377 627 5,
1397 581 1457 616 10.
1496 580 1560 628 34,
1578 580 1641 616 47.

341 644 381 691 5)
414 650 514 694 part.
539 657 665 694 praes.
689 645 775 683 hist.
803 648 864 695 19,
883 648 974 685 209.
1008 649 1043 695 6,
1062 643 1161 692 3052)

342 725 424 762 Has
471 724 627 770 formas,
676 738 760 763 cum
809 738 879 774 per
925 737 964 763 se
1013 730 1191 775 tempora
1235 727 1451 775 praeterita
1489 725 1720 775 significent,

227 796 405 841 tempora
427 794 642 842 praeterita
665 793 843 831 absoluta
867 794 1071 843 appellare
1094 794 1381 832 consuevimus.
1419 793 1565 832 Eadem
1589 798 1717 831 autem

225 860 284 898 vis
317 861 353 898 in
385 861 431 898 iis
463 873 622 910 quoque
645 861 854 900 verborum
888 862 1025 899 formis
1058 862 1170 911 inest,
1201 874 1311 911 quae,
1345 874 1583 911 quamquam
1613 862 1719 899 nulla

225 929 431 977 praeteriti
472 929 633 967 notione
675 929 844 967 infectae
883 934 985 978 sunt,
1028 934 1158 967 tamen
1198 941 1246 966 ex
1278 929 1324 966 iis
1355 929 1403 966 ad
1437 941 1540 978 quae
1572 929 1718 967 relatae

225 1001 318 1034 sunt
360 997 602 1046 temporibus
643 997 868 1046 praeteritis
909 1002 948 1035 et
988 998 1096 1046 ipsae
1131 998 1232 1034 hane
1264 996 1585 1045 significationem
1619 998 1719 1035 aoei-

224 1065 356 1114 piunt;
387 1077 488 1114 quae
511 1070 690 1115 tempora
713 1067 926 1115 praeterita
949 1065 1114 1103 relativa
1138 1077 1282 1103 vocare
1305 1065 1404 1103 lieet.
1448 1065 1547 1103 Sunt
1570 1070 1718 1103 autem:

341 1131 379 1180 1)
412 1134 653 1171 coniunctivi
685 1134 723 1171 in
757 1133 972 1171 enuntiatis
1006 1133 1188 1171 finalibus
1210 1134 1387 1183 usurpati
1413 1136 1515 1183 7,21
1540 1132 1720 1182 (praes),

228 1203 289 1246 10,
311 1203 372 1240 10.
409 1204 471 1251 19,
490 1204 552 1240 26.
586 1205 649 1252 53,
668 1203 720 1241 30
753 1197 878 1252 (aon).

339 1268 379 1315 2)
412 1269 575 1319 optativi
609 1271 645 1308 in
679 1271 857 1308 oratione
889 1271 1051 1320 obliqua
1083 1273 1152 1308 aut
1188 1272 1224 1308 in
1261 1270 1594 1308 enuntiationibus
1626 1270 1719 1307 fina-

227 1337 329 1375 libus
373 1337 556 1387 adhibiti,
604 1343 646 1376 ut
684 1341 749 1387 34,
767 1340 819 1377 49
853 1338 1003 1386 (perf),
1046 1338 1229 1387 49,16.³)
1267 1340 1331 1386 50,
1350 1341 1402 1377 54
1435 1338 1480 1374 al.
1551 1337 1720 1384 (Similes

224 1407 422 1455 optativos
465 1406 513 1444 de
555 1407 674 1444 rebus
714 1407 866 1445 iteratis
897 1407 1058 1456 positos,
1100 1407 1149 1444 ad
1182 1418 1282 1456 quos
1315 1407 1518 1445 enuntiata
1550 1407 1719 1456 expliea-

223 1474 304 1511 tiva
335 1475 461 1512 relata
493 1476 579 1520 sint,
613 1475 718 1524 apud
754 1475 1054 1513 Demosthenem
1089 1487 1166 1513 non
1198 1474 1359 1522 inveni.)

338 1540 378 1588 3)
410 1541 476 1579 inf.
501 1555 630 1592 praes.
661 1543 699 1580 in
733 1543 911 1581 oratione
946 1543 1104 1592 obliqua
1137 1542 1194 1590 (ut
1217 1546 1252 1589 9,
1274 1546 1335 1582 12.
1371 1546 1530 1588 19,283
1554 1542 1618 1590 al.)
1652 1549 1720 1581 aut

224 1611 299 1649 alio
344 1623 506 1660 quoquo
549 1611 664 1649 modo
709 1611 757 1649 ad
800 1616 981 1661 tempora
1028 1613 1243 1661 praeterita
1290 1612 1414 1650 relati.
1483 1612 1717 1661 Exeipiendi

223 1682 374 1718 tantum
408 1680 433 1717 ii
465 1684 569 1729 sunt,
600 1681 678 1730 qui,
711 1693 950 1730 quamquam
974 1694 998 1719 a
1019 1681 1263 1731 temporibus
1286 1680 1510 1729 praeteritis
1534 1681 1719 1730 pendent,

222 1750 352 1785 tamen
386 1760 463 1786 non
497 1749 569 1786 nisi
601 1748 651 1785 ad
684 1750 853 1787 oratoris
885 1751 1041 1799 tempus
1073 1761 1262 1798 praeseus
1295 1748 1434 1786 referri
1467 1754 1645 1798 possunt,
1678 1754 1720 1787 ut

224 1818 287 1859 23,
307 1818 375 1854 25:
411 1812 503 1853 δεῖν
535 1808 572 1853 δ’
594 1805 906 1866 ὑπελάμβανεν
939 1816 1038 1863 (scil.
1071 1806 1094 1855 ὁ
1119 1813 1213 1862 θεὶς
1243 1811 1325 1854 τὸν
1347 1810 1516 1867 νόμον),
1549 1810 1719 1867 ἐπειδή-

222 1894 304 1933 περ
335 1875 456 1936 ἡμεῖς
478 1876 787 1937 τιμωρήσομεν
808 1883 872 1936 τῷ
894 1879 1164 1931 πεπονθότι,
1198 1883 1436 1938 πεισθῆναι
1460 1881 1533 1922 καὶ
1553 1885 1718 1935 μαθεῖν

223 1940 334 2001 ἡμᾶς
366 1947 711 2003 διδασκομένους
742 1943 803 1998 (ὃς
836 1950 1038 2003 δέδρακε·
1072 1947 1160 1991 xvi.

336 2019 574 2070 Saepissime
597 2026 727 2059 autem
752 2022 934 2060 infinitivi
957 2034 1097 2071 praes„
1119 2022 1199 2067 fut„
1222 2034 1303 2059 aor.
1332 2022 1386 2058 ita
1407 2022 1455 2059 ab
1478 2021 1563 2060 aliis
1587 2023 1719 2060 verbis

224 2094 266 2126 ut
296 2101 318 2125 a
351 2081 553 2139 δύναμαι,
587 2080 668 2140 οὐχ
690 2081 784 2134 οἶός
804 2081 843 2128 τ’
864 2086 962 2140 εἰμι’,
994 2083 1226 2139 βούλομαι,
1259 2086 1403 2139 μέλλω
1425 2091 1509 2128 sim.
1531 2090 1718 2139 pendent,

225 2160 267 2194 ut
298 2169 384 2194 cum
419 2158 464 2194 iis
494 2158 533 2195 in
566 2158 722 2207 singula
754 2159 867 2208 quasi
901 2159 1094 2196 vocabula
1131 2158 1368 2202 coaluerint,
1413 2170 1579 2207 quarum
1615 2158 1719 2196 loeu-

222 2224 372 2263 tionum
412 2227 592 2275 exempla
635 2239 712 2265 non
756 2228 793 2264 in
835 2226 1041 2265 infinitivis
1083 2230 1303 2276 temporum
1343 2227 1646 2275 praeteritorum
1680 2227 1718 2264 vi

222 2293 390 2339 imbutis,
433 2295 514 2332 sed·
542 2295 579 2333 in
623 2296 668 2333 iis
700 2295 954 2344 temporibus,
997 2308 1101 2345 quae
1133 2296 1170 2333 in
1205 2295 1336 2333 verbis
1368 2294 1486 2332 finitis
1519 2295 1720 2345 leguntur,

222 2363 561 2412 enumerabimus,
601 2367 642 2402 ut
673 2357 837 2413 ἐτόλμα
870 2360 1013 2414 λέγειν
1045 2358 1234 2410 (εἰπεῖν),
1278 2358 1517 2412 ἐμέλλομεν
1557 2356 1718 2413 γνώσε-

222 2429 329 2468 σθαι
360 2431 443 2468 sim.
476 2432 512 2469 in
546 2432 801 2481 imperfectis,
832 2418 942 2483 ἦλθε·
975 2427 1045 2469 ἐπὶ
1069 2424 1120 2469 τὸ
1145 2421 1445 2482 ἀμφισβητεῖν,
1478 2424 1717 2483 ἐτόλμησεν

221 2491 476 2547 ψεύσασθαι
508 2501 589 2538 sim.
621 2502 658 2538 in
693 2501 858 2539 aoristis.

336 2570 375 2612 4)
408 2568 476 2605 inf.
499 2581 582 2606 aor.
603 2581 634 2606 c.
657 2569 853 2618 particula
885 2561 942 2605 ἄν
972 2569 1172 2607 coniuncti
1204 2572 1242 2606 et
1274 2568 1429 2606 modum
1455 2569 1710 2618 potentialem

222 2635 505 2686 significantes,
538 2641 579 2675 ut
611 2640 676 2685 40,
697 2640 758 2677 10.

331 2779 355 2821 ¹)
383 2781 436 2821 24,
450 2782 491 2811 76
511 2782 547 2812 et
571 2777 632 2822 111,
649 2781 664 2811 7
685 2778 740 2812 hic
760 2789 945 2813 numerare
964 2779 1085 2813 nolim.
1124 2779 1175 2813 (It'.
1196 2779 1353 2822 Madvig,
1381 2780 1485 2824 Synt.
1511 2780 1601 2814 172b
1621 2791 1677 2814 an.
1691 2784 1716 2815 1.

222 2836 249 2877 2)
275 2833 328 2869 ef.
354 2834 512 2878 Madvig,
539 2834 641 2879 Synt.
664 2838 724 2870 153
736 2846 765 2869 a.
784 2838 811 2870 1.
906 2838 934 2879 ³)
961 2835 1033 2870 Sed
1060 2832 1260 2870 πύθωνται
1289 2836 1332 2870 Α.
