2132 3358
1640 193 1691 230 29

343 308 576 346 infinitivum
618 322 641 346 a
683 308 875 357 particula
917 298 1030 344 (ὅστε
1074 307 1307 356 pendentem
1351 309 1497 354 29‚32.
1539 308 1692 354 30,14;

410 389 494 415 cum
519 377 684 414 articulo
708 377 878 414 iunctum
911 379 944 420 2,
963 379 998 413 5.
1031 378 1094 419 24,
1115 377 1176 413 76.
1210 375 1276 420 111,
1295 377 1334 423 73
1368 387 1436 423 per
1459 374 1691 423 particulam

410 435 466 481 ι’ἔυ
497 445 600 482 modi
632 445 856 493 potentialis
889 445 924 480 vi
951 443 1167 491 praeditum
1206 438 1317 489 1050⁸3
1348 442 1507 480 subiecti
1533 442 1619 478 loco
1643 441 1692 478 ad

411 510 488 559 δεῖ,
531 505 624 564 χρὴ,
670 505 897 564 προσήκει,
945 505 1074 557 ἔστιν,
1123 505 1305 557 ἔνεστιν,
1347 499 1431 548 οὔκ
1462 504 1694 558 ἐνδέχεται,

411 573 536 629 ἄξιον
567 577 771 627 (δίκαιον,
813 573 980 633 ῥᾴδιον,
1019 573 1234 629 χαλεπόν)
1267 574 1385 616 ἐστιν
1416 579 1499 616 sim.
1530 578 1693 615 relatum

410 645 524 693 57i⁰⁸3
571 662 594 687 a
625 649 868 698 temporibus
914 647 1197 698 principalibus
1239 647 1447 685 verborum
1492 639 1695 693 δύναμαι,

410 710 640 767 βούλομαι,
682 710 777 766 ἔχω,
822 714 986 766 τολμῶ,
1030 711 1100 762 ἐῶ,
1141 710 1310 753 κελεύω
1342 716 1425 753 sim.
1457 714 1694 763 pendentem

412 780 526 833 72ics3

343 853 591 902 participium
632 853 669 890 in
703 852 802 890 idem
837 853 1027 901 temporis
1066 853 1234 900 spatium
1268 854 1387 901 atque
1420 851 1581 889 verbum
1615 849 1697 887 fini-

411 924 493 958 tum
526 921 704 959 incidens
735 925 773 958 et
803 921 850 958 ad
884 926 1038 969 tempus
1071 932 1261 969 praesens
1294 920 1357 957 vel
1388 919 1561 957 futurum
1586 931 1695 968 spec-

409 991 496 1027 tans
532 985 645 1037 191053

207 1055 242 1103 ε)
281 1060 371 1106 post
401 1057 674 1107 imperfectum
717 1057 765 1095 ad
808 1057 1041 1106 particulam
1075 1051 1111 1093 εἰ
1144 1056 1308 1094 relatum
1342 1059 1412 1105 ter,
1453 1067 1540 1093 cum
1580 1054 1698 1104 parti-

279 1125 370 1163 cula
402 1117 456 1162 ἄν
489 1127 665 1163 iunctum
698 1128 767 1163 ter.

322 1195 406 1231 Hac
438 1195 474 1231 in
509 1194 802 1243 computatione
842 1206 976 1232 omnes
1008 1205 1075 1231 cos
1108 1193 1215 1231 locos
1248 1193 1375 1241 omisi,
1417 1192 1478 1229 ubi
1520 1195 1587 1229 ant
1617 1177 1699 1235 (εὖ)

209 1251 292 1299 οἶδ’
316 1251 396 1308 ὅτι,
429 1257 569 1312 δῆλον
591 1253 660 1299 ὅτι
683 1249 775 1308 (ὦς)
809 1275 879 1311 pro
913 1262 1110 1299 adverbiis
1142 1264 1386 1310 usurpantur
1417 1264 1485 1298 aut
1517 1249 1585 1297 ὅτι
1608 1255 1698 1305 (ὡς)

211 1329 260 1367 ad
284 1330 516 1368 Latinorum
541 1327 695 1380 ‚,quod“
719 1330 943 1379 respondet7
967 1331 1152 1379 quoniam
1175 1330 1237 1367 hic
1261 1330 1553 1367 enuntiationes
1576 1328 1698 1377 expli-

209 1399 362 1436 cativae
396 1411 416 1436 a
438 1399 571 1437 verbis
604 1399 773 1444 dicendi,
806 1399 1002 1444 sentienti,
1034 1399 1116 1436 sim.
1150 1398 1369 1447 pendentes
1401 1410 1478 1435 nou
1503 1397 1701 1445 leguntur.

323 1468 361 1507 2)
396 1467 550 1505 Deinde
582 1471 761 1516 tempora
799 1472 838 1505 et.
875 1466 976 1505 modi
1017 1467 1206 1504 orationis
1247 1470 1379 1504 rectae
1424 1466 1575 1503 etiamsi
1607 1469 1700 1502 teni-

210 1547 308 1584 pora
346 1534 531 1573 historica
572 1535 818 1585 praecedunt
859 1536 1089 1584 saepissime
1131 1535 1399 1572 inveniuntur.
1456 1535 1515 1571 De
1556 1533 1700 1582 quibus

210 1603 258 1640 N.
275 1602 504 1651 Sjoestrand
538 1602 602 1649 (de
636 1607 835 1642 oratorum
870 1604 1089 1641 Atticorum
1128 1603 1165 1640 in
1201 1603 1377 1640 oratione
1417 1602 1577 1650 obliqua
1608 1606 1700 1638 tem-

210 1683 348 1720 porum
382 1675 420 1709 et
448 1671 650 1709 modorum
675 1683 746 1709 usu
770 1672 1056 1710 Commentatio
1090 1671 1199 1708 acad.
1232 1671 1359 1709 Lund.
1387 1672 1508 1716 1889)
1542 1671 1700 1719 copiose

209 1741 281 1777 iam
321 1740 414 1788 egit;
457 1743 630 1778 attamen
669 1741 800 1778 omnia
832 1740 1011 1789 exempla
1042 1741 1184 1778 iterum
1219 1740 1359 1789 collegi
1394 1743 1512 1788 atque
1544 1751 1701 1776 enume-

210 1808 316 1853 rabo,
357 1809 523 1857 primum
568 1813 609 1846 ut
649 1821 705 1857 ea,
750 1821 853 1858 quae
895 1809 942 1846 de
983 1809 1186 1846 indicativi
1229 1812 1268 1845 et
1309 1808 1470 1857 optativi
1514 1807 1702 1844 orationis

210 1877 394 1926 obliquae
427 1877 651 1915 differentia
683 1877 861 1915 dicturus
883 1890 986 1926 suni,
1019 1876 1267 1915 examinandi
1294 1877 1520 1913 facultatem
1544 1875 1701 1922 faciam3

211 1944 354 1982 deinde
387 1947 428 1983 ut
459 1945 662 1983 commode
694 1949 968 1994 cognoscatur,
1012 1946 1153 1994 quibus
1195 1946 1231 1982 in
1276 1944 1517 1982 orationibus
1555 1943 1701 1980 indica-

210 2014 328 2061 tivus,
368 2013 513 2062 quibus
555 2014 755 2062 optativus
794 2014 1053 2063 praeferatur.
1115 2014 1191 2051 Eas
1233 2018 1361 2051 autem
1407 2013 1702 2061 discrepantias,

212 2093 312 2130 quae
344 2080 447 2118 inter
469 2081 729 2131 Sjoestrandii
763 2086 801 2119 et
834 2094 955 2119 meam
990 2081 1304 2118 dissertationem
1338 2080 1604 2128 intercedunt,
1638 2093 1700 2116 no-

211 2156 294 2187 tare
327 2149 551 2198 supersedi,
597 2162 683 2187 cum
725 2162 891 2198 quornm
936 2149 1035 2187 forte
1076 2148 1233 2186 intersit
1270 2148 1384 2186 facile
1423 2161 1470 2186 ex
1503 2148 1569 2186 illa
1602 2160 1702 2185 com-

212 2221 350 2267 parata
382 2218 580 2267 cognituri
611 2219 697 2255 sint.
758 2218 1000 2256 Tabularum
1034 2217 1204 2267 denique
1237 2217 1362 2255 forma
1395 2228 1489 2254 usus
1521 2228 1621 2260 sum,
1663 2220 1703 2253 ut

211 2286 450 2335 singularum
493 2286 731 2324 locutionum
775 2287 1021 2336 frequentias
1054 2298 1131 2323 uno
1164 2291 1364 2335 tamquam
1398 2286 1601 2323 oculorum
1637 2285 1703 2322 ob-

212 2359 298 2392 tutu
332 2354 673 2404 comprehendere
706 2354 832 2392 liceat.

327 2424 455 2461 Prima
498 2423 617 2472 igitur
656 2423 790 2461 tabula
824 2427 1061 2472 conspectus
1094 2435 1226 2461 eorum
1261 2422 1434 2460 locorum
1467 2422 1704 2469 continetur,

214 2491 279 2529 ubi
312 2494 493 2541 tempora
525 2496 563 2528 et
594 2491 694 2529 modi
729 2491 917 2529 orationis
948 2495 1079 2528 rectae
1112 2491 1313 2527 immutata
1345 2490 1544 2538 leguntur.
