2084 3342
365 223 418 259 20

363 334 411 370 ab
452 332 692 369 adversariis
732 331 894 368 allatum
936 331 981 368 iri
1027 331 1138 379 fingit
1180 331 1526 381 impugnandaque
1564 333 1634 371 sibi
1665 334 1852 383 proponit

364 399 423 446 (ut
448 401 613 447 19,134
641 391 752 447 τάχα
781 394 938 435 τοίνυν
972 391 1103 449 [ἴσως]
1138 394 1211 435 καὶ
1238 396 1446 444 τοιοῦτος
1467 389 1559 449 ἥξει
1580 393 1711 450 λόγος
1731 394 1851 450 παρὰ

362 460 541 504 τούτων
571 456 631 511 ως
664 455 771 517 ἀρχὴ
802 458 1031 515 γενήσεται
1061 458 1173 515 πρὸς
1210 462 1441 504 Φίλιππον
1473 460 1646 517 ἔχθρας,
1691 463 1728 505 εί
1759 466 1852 506 τῶν

362 526 735 584 πρεσβευσάντων
781 525 865 583 τήν
902 527 1079 584 εἰρήνην
1116 534 1484 584 καταψηφιεῖσθε.
1530 528 1614 584 ἐγώ
1651 531 1696 573 δὲ
1727 529 1850 583 κτὲ.);

362 615 462 653 quos
492 603 595 641 inter
627 603 734 640 locos
768 603 875 640 multi
908 605 1009 650 sunt,
1041 603 1105 640 ubi
1139 603 1368 651 particulam
1401 592 1461 648 ὥς
1494 604 1686 652 particula
1717 605 1852 654 aliqua

364 671 549 720 negativa
594 670 814 720 praecedit3
855 682 933 719 quo
971 671 1227 708 Kuehnerum
1272 671 1476 709 inductum
1524 684 1611 710 esse
1656 676 1764 721 puto,
1810 677 1852 711 ut

362 728 421 785 ως
452 739 693 787 „besonders
734 738 837 776 nach
879 739 1002 776 einem
1036 739 1269 776 verneinten
1305 735 1433 777 Verb“
1467 740 1659 789 praeferri
1693 741 1853 779 doceret

363 808 410 851 (e.
431 820 467 856 g.
490 804 652 855 24‚'120
684 796 738 844 οὐ
769 799 850 856 γὰρ
883 799 934 858 δὴ
965 801 1056 856 ἐρεῖ
1085 817 1144 856 γε,
1188 795 1249 851 ὥς
1279 800 1388 852 τούς
1418 800 1656 853 τοιούτους
1693 798 1747 846 οὐ
1778 805 1851 846 καὶ.

361 867 576 925 προσήκει
616 871 690 911 καὶ
727 868 768 911 οἱ
811 867 939 924 νόμοι
979 867 1210 912 κελεύουσι
1249 879 1343 919 ταῖς
1372 871 1594 925 μεγίσταις
1624 873 1852 926 τιμωρίαις

362 936 544 993 ἐνόχους
576 935 699 989 εἶναι,
743 934 841 980 οὐδ’
873 938 933 986 ως
966 929 1091 979 οὗτοι
1224 932 1278 979 οὐ
1307 938 1382 979 καὶ
1415 939 1603 981 κλέπται
1633 940 1708 981 καὶ
1739 937 1851 995 ἱερό-

361 1007 489 1049 συλοί
521 1005 601 1049 εἰσι
632 1004 753 1057 κτὲ.);
801 1010 973 1060 denique
1016 1011 1093 1048 huc
1134 1011 1334 1060 pertinent
1373 1011 1398 1048 ii
1431 1011 1525 1061 loci,
1565 1012 1629 1050 ubi
1661 1013 1757 1050 meri
1788 1026 1850 1051 ru-

361 1092 490 1119 mores
523 1082 760 1128 repetuntur
792 1080 849 1126 (ut
881 1082 914 1128 1,
933 1081 984 1117 22
1017 1069 1184 1129 ἤκουον
1218 1069 1254 1116 δ’
1278 1072 1414 1129 ἐ’γωγέ
1454 1091 1602 1127 τινων,
1644 1072 1703 1126 ὡς
1743 1070 1849 1118 οὐδὲ

359 1141 463 1193 τοὺς
494 1144 670 1198 λιμένας
701 1143 774 1184 καὶ
805 1141 882 1193 τὰς
914 1137 1078 1197 ἀγορὰς
1109 1141 1174 1184 ἔτι
1206 1140 1392 1184 δώσοιεν
1416 1138 1538 1198 αὐτῷ
1560 1147 1852 1198 καρποῦσθαι

359 1209 473 1263 πετὲ).
506 1237 556 1242 —
615 1216 690 1255 Sed
743 1216 842 1254 haec
889 1216 925 1253 in
978 1216 1205 1253 universum
1255 1216 1367 1254 modo
1414 1216 1620 1265 quadrant.
1694 1218 1851 1255 Etenim

360 1286 532 1323 omnium
573 1284 656 1323 fere
697 1285 919 1322 orationum
965 1297 1041 1322 non
1084 1285 1199 1333 pauci
1242 1284 1315 1322 loci
1349 1289 1451 1333 sunt,
1492 1285 1637 1334 quibus
1668 1274 1736 1322 ὅτι
1778 1298 1850 1335 pro

361 1342 420 1399 ὡς
460 1356 527 1391 aut
570 1341 631 1398 ὠς
668 1365 738 1403 pro
785 1342 854 1389 ὅτι.
895 1352 1053 1390 videtur
1090 1352 1236 1389 dictum
1284 1364 1369 1390 esse
1416 1365 1543 1402 neque
1591 1354 1673 1391 ulla
1715 1366 1850 1392 eorum

359 1421 460 1459 ratio
493 1421 688 1465 cernitur;
720 1424 763 1458 ut
797 1411 957 1470 18‚‘169
999 1408 1075 1471 ἧκε
1115 1412 1152 1457 δ’
1184 1410 1414 1470 ἀγγέλλων
1449 1432 1514 1466 τις
1654 1410 1712 1466 ὥς
1742 1411 1852 1459 Ἐλά-
1882 1407 1885 1410 ’

359 1500 453 1526 τεια
498 1485 811 1540 κατείληπται,
864 1489 1097 1538 quibuscum
1150 1488 1330 1526 conferas
1380 1491 1441 1534 19,
1475 1491 1528 1528 60
1576 1478 1852 1541 ἀπήγγελλεν

359 1545 464 1607 ὑμῖν
496 1548 565 1594 ὅτι
596 1550 742 1594 πάντα
775 1550 830 1594 τὰ
860 1547 1080 1606 πράγματ’
1113 1551 1370 1606 ἐγκεχείρικε
1403 1553 1612 1608 Θηβαίοις
1644 1548 1667 1595 ὃ
1695 1554 1850 1596 Φίλιπ-

359 1637 454 1671 πος.
516 1628 581 1671 40,
603 1629 663 1664 15.
682 1628 735 1664 44
767 1616 836 1662 ὅτι
878 1621 923 1662 d}
965 1621 1039 1661 καὶ
1076 1615 1212 1662 ταῦθ’
1247 1615 1395 1676 ἀληθῆ
1426 1621 1539 1675 λέγω
1669 1620 1852 1672 εἴσεσθε,

359 1694 429 1732 sed
461 1696 527 1744 40,
545 1696 596 1732 52
630 1682 691 1739 ὥς
722 1685 759 1731 δ’
782 1684 926 1745 ἀληθῆ
957 1689 1032 1730 καὶ
1063 1691 1206 1730 ταῦτα
1239 1689 1353 1742 λε’γω
1485 1688 1665 1731 εἴσεσθε.
1714 1695 1851 1744 ltaque

358 1762 555 1800 interdum
588 1763 702 1800 etiam
735 1762 783 1800 ad
815 1763 915 1800 idem
948 1762 1109 1800 verbum
1143 1762 1255 1800 simul
1277 1765 1315 1799 et
1337 1751 1404 1798 ὅτι
1426 1764 1464 1799 et
1485 1750 1544 1807 ὡς
1565 1761 1852 1812 significatione

360 1831 517 1869 omnino
561 1843 639 1868 non
682 1830 841 1869 diversa
882 1830 1122 1879 referuntur,
1166 1834 1209 1868 ut
1248 1833 1407 1879 24,187
1449 1819 1602 1867 ἅκούω
1644 1822 1682 1867 d’
1713 1820 1851 1868 αὐτὸν

360 1894 501 1948 λέγειν
543 1885 602 1943 ὡς
645 1893 911 1936 ἐκτέτεισται
948 1891 1005 1934 τὰ
1039 1889 1223 1948 χρήματ’
1247 1927 1253 1934 .
1274 1927 1310 1934 ..
1343 1893 1418 1934 καὶ
1450 1888 1519 1935 ὅτι
1552 1888 1766 1935 δεινότατ’
1798 1888 1852 1935 ἂν

358 1957 517 2012 πάθοι,
550 1961 586 2004 εἰ
618 1960 719 2013 zzz„
751 1968 798 2004 al.

477 2036 704 2073 Probantur
735 2038 865 2073 autem
904 2035 1003 2073 haec
1040 2047 1142 2084 quae
1173 2035 1293 2073 statui
1326 2034 1457 2072 indice
1490 2034 1697 2072 verborum
1730 2046 1852 2084 supra

363 2102 576 2153 descripto,
607 2116 654 2141 ex
687 2116 765 2153 quo
797 2104 953 2153 singula
984 2103 1103 2142 verba
1135 2116 1207 2153 pro
1239 2102 1594 2152 significationibus
1623 2103 1704 2140 suis
1727 2103 1851 2140 altera

361 2183 446 2209 cum
494 2160 574 2217 ὅτι,
623 2172 749 2209 altera
796 2184 880 2209 cum
929 2163 987 2217 ὡς
1032 2175 1100 2210 aut
1145 2172 1304 2210 omnino
1351 2174 1420 2209 aut
1465 2171 1697 2220 plerumque
1740 2170 1850 2220 iungi

361 2239 502 2277 elucet.

474 2308 579 2345 Raro
621 2307 831 2345 admodum
874 2300 1052 2354 διότι1)
1093 2320 1164 2356 pro
1207 2297 1277 2344 ὅτι
1317 2307 1466 2344 dictum
1509 2307 1660 2344 inveni:
1703 2308 1850 2355 46‚16.

363 2378 425 2421 50,
444 2378 508 2414 57.
546 2378 610 2421 58,
628 2377 693 2415 36.
709 2377 857 2415 4243.
896 2378 959 2423 61,
978 2377 1041 2415 38.
1102 2376 1276 2413 Plurima
1307 2374 1499 2412 eiusmodi
1532 2374 1712 2422 exempla
1744 2374 1848 2423 apud

361 2444 574 2481 Isocratem
609 2441 862 2494 leguntur2);
905 2456 1035 2493 neque
1067 2455 1161 2481 vero
1194 2455 1281 2480 eum
1316 2454 1428 2480 usum
1462 2443 1535 2479 iam
1568 2442 1849 2492 provulgatum

359 2511 490 2558 fuisse,
535 2511 604 2549 sed
643 2505 756 2549 ὀίότι
793 2513 832 2549 in
864 2524 1044 2550 sermone
1075 2511 1233 2561 vulgari
1270 2514 1350 2548 tum
1392 2511 1581 2559 temporis
1614 2511 1849 2559 plerumque

360 2580 434 2616 vim
479 2579 663 2618 habuisse
705 2580 900 2618 causalem
931 2579 996 2627 (cf.
1017 2578 1141 2626 4,22)
1185 2583 1223 2617 et
1264 2591 1310 2617 ex
1342 2577 1569 2616 Aristotelis
1607 2578 1674 2617 illo
1707 2572 1749 2615 οἱ
1781 2572 1849 2628 ἔμ-

473 2688 499 2730 ¹)
532 2686 585 2721 Cf.
618 2687 801 2722 Maetzner
834 2688 878 2721 ad
909 2688 1002 2722 Isae.
1035 2698 1069 2731 p.
1091 2690 1165 2721 254.
1214 2686 1459 2728 Sehoemann,
1499 2685 1690 2720 Redeteile
1723 2688 1848 2728 p.182.

358 2743 530 2777 Kuehner
547 2747 714 2787 550,1,1.
744 2744 923 2779 Goodwin
943 2747 1017 2788 710,
1033 2747 1062 2778 2.
1144 2745 1172 2783 2)
1199 2744 1262 2787 „In
1288 2743 1348 2777 the
1374 2752 1472 2776 same
1499 2752 1606 2776 sense
1633 2751 1671 2776 as
1697 2735 1767 2785 ὅτι,
1793 2741 1849 2776 for

359 2799 473 2832 which
497 2800 524 2833 it
548 2800 578 2833 is
604 2805 669 2834 not
694 2800 954 2845 unfrequently
979 2801 1088 2844 used,
1126 2799 1325 2844 especially
1356 2799 1405 2844 by
1430 2799 1620 2841 Isocrates,
1658 2797 1761 2832 when
1787 2797 1847 2832 the

357 2854 474 2889 hiatus
500 2856 529 2890 is
555 2856 707 2902 thereby
732 2856 862 2892 avoil.“
889 2858 945 2892 Sa.
