2084 3342
342 216 393 252 38

341 339 456 375 quam
498 339 520 363 a
558 325 686 363 verbis
729 325 887 364 dicendi
928 326 991 363 vel
1032 326 1226 364 sentiendi
1272 327 1462 375 pendent,
1505 330 1635 366 tamen
1675 340 1753 366 non
1785 340 1832 366 ex

341 394 537 432 mentibus
586 393 799 431 dicentium
847 393 910 431 vel
953 394 1208 432 sentientium
1255 394 1443 432 videntur
1488 395 1594 434 dicta
1639 405 1744 438 esse3
1790 400 1834 434 ut

343 466 376 507 7,
396 464 458 501 25.
505 464 541 509 9,
559 464 623 500 62.
669 463 734 510 23,
754 464 843 500 164.
864 464 953 501 187.
1002 463 1067 512 30,
1085 465 1119 501 6.
1139 464 1284 501 28.35.
1332 465 1397 512 35,
1416 465 1479 502 25.
1522 466 1588 513 40,
1604 465 1670 502 40.
1713 466 1779 513 43,
1796 467 1832 502 5.

342 532 487 569 32.69.
524 532 753 579 44,36.54.
791 532 939 575 45,61.
977 532 1097 579 46,1.
1129 533 1307 580 (47,41.)
1345 533 1410 577 48,
1430 534 1465 570 6.
1503 533 1649 581 49,31.
1687 534 1751 577 50,
1769 534 1834 570 44.

341 611 399 647 pr.
422 599 486 644 50,
504 599 553 647 3.
597 598 662 635 ubi
693 598 791 635 haec
823 598 945 636 verba
977 598 1180 646 leguntur:
1226 592 1471 649 γιγνώσκω,
1516 595 1729 649 δείκνυμι,
1770 594 1834 637 ἐν·

341 662 584 715 δείκνυμαι,
631 660 920 715 ἐπιὸείκνυμι,
959 677 1065 716 -μαι,
1112 663 1247 717 δηλῶ,
1280 660 1457 717 δικάζω,
1495 661 1703 717 ἐξεὶέγχω
1732 663 1836 717 (bis),

340 729 661 783 ἐπιλογίζομαι,
694 727 809 784 ε’ργῳ
829 732 1057 784 μαρτυρῶ,
1090 727 1190 772 olda
1207 734 1464 785 (quinqu1es),
1496 727 1694 782 σύνοιδα,
1726 746 1835 773 υπο-

341 800 449 849 νοῶ,
481 792 564 839 οὐκ
588 792 755 853 ἄδηλον
775 800 831 854 ἠν
852 802 958 852 (bis),
990 796 1217 852 γνώριαον
1238 802 1313 852 ἠν;
1347 816 1449 853 quae
1482 804 1715 853 plerumque
1746 817 1834 842 cum

341 870 537 920 particula
568 859 636 907 ὅτι
668 870 924 919 copulantur,
957 882 1018 914 ως
1050 870 1205 908 duobus
1236 874 1387 909 tantum
1410 871 1516 917 locis,
1549 874 1723 921 23,164.
1745 874 1835 918 187,

341 938 562 987 exhibetur,
611 939 677 976 ubi
719 941 850 977 tamen
893 951 941 976 ne
984 939 1188 977 enuntiata
1230 940 1518 989 interrogativa
1558 940 1836 990 intellegamus

342 1006 436 1044 nihil
469 1018 539 1044 nos
571 1005 747 1055 impedit.
777 1026 833 1031 ——
866 1006 1106 1045 Insolentius
1138 1006 1254 1044 iidem
1288 1007 1487 1045 indicativi
1512 1007 1560 1046 de
1582 1008 1627 1046 iis
1649 1007 1836 1046 videntur

341 1074 432 1113 dicti
466 1086 563 1120 esse,
605 1086 719 1123 quae,
759 1075 851 1123 quia
884 1074 1090 1113 mendacia
1121 1077 1226 1123 sunt,
1270 1088 1317 1112 ex
1350 1087 1503 1124 eorum,
1544 1077 1609 1125 qui
1641 1076 1838 1125 dixerunt,

342 1142 535 1181 mentibus
557 1142 827 1192 intellegenda
850 1145 956 1181 sunt:
982 1145 1045 1192 19,
1064 1145 1144 1182 305
1159 1136 1445 1195 (ἐπήγγελλεν
1468 1135 1555 1190 ὡς),
1578 1146 1643 1193 30,
1660 1146 1710 1183 27
1735 1135 1836 1190 (οὐκ

341 1202 515 1248 ἐδύνατ’
547 1205 810 1263 ἀρνηθῆναι,
853 1200 914 1256 ὡς
955 1202 1039 1258 ού),
1091 1214 1156 1257 43,
1176 1213 1228 1250 29
1261 1205 1499 1260 (ἐψεύσατο
1538 1200 1838 1262 ὑπερμέγεθες

341 1275 508 1327 ψεῦδος
531 1269 627 1328 ὅτι),
659 1282 724 1329 50,
739 1282 789 1318 54
808 1273 897 1326 (ἵνα
918 1273 975 1331 μὴ
996 1272 1218 1329 πρόφασις
1241 1269 1362 1330 αὐτῷ
1385 1275 1561 1330 γένοιτο
1585 1269 1673 1329 ὡς),
1705 1283 1768 1326 57,
1785 1283 1834 1320 61

341 1336 462 1394 (οὐδὲ
499 1340 583 1397 τὴν
619 1345 775 1399 ψῆφον
805 1340 994 1397 ἤνεγκεν
1026 1342 1110 1395 ὡς),
1154 1360 1254 1396 quos
1296 1361 1343 1386 ex
1388 1349 1625 1386 attractione
1667 1348 1836 1397 quadam
1878 1399 1881 1402 Ι

341 1420 558 1465 temporum
592 1416 850 1465 explicandos
883 1427 971 1454 esse
1003 1420 1112 1465 puto.
1143 1437 1196 1441 —

454 1483 628 1533 Optativi
660 1485 700 1522 in
733 1484 779 1523 iis
812 1485 1057 1534 potissimum
1091 1485 1310 1523 enuntiatis
1342 1487 1557 1534 ponuntur,
1597 1485 1739 1534 quibus
1771 1488 1839 1524 aut

341 1552 461 1590 verba
501 1564 548 1590 ex
591 1553 799 1602 colloquiis
841 1553 1011 1603 repetita
1052 1555 1123 1590 aut
1164 1552 1371 1590 mendacia
1410 1553 1710 1602 calumniaeque
1749 1564 1839 1590 con-

339 1620 526 1658 tinentur.
574 1621 680 1658 Illius
711 1621 868 1670 generis
891 1621 1074 1670 exempla
1097 1621 1302 1670 leguntur:
1335 1623 1400 1669 30,
1418 1623 1482 1659 20.
1515 1623 1663 1667 33,10.
1695 1623 1839 1670 34,11.

341 1690 406 1736 35,
424 1691 487 1727 29.
507 1690 569 1728 36.
603 1691 668 1737 42,
687 1692 721 1728 6.
754 1692 820 1738 47,
837 1691 902 1727 35.
921 1691 984 1728 36.
1003 1690 1068 1727 57.
1086 1692 1150 1728 61.
1188 1691 1253 1735 48,
1272 1692 1307 1727 6.
1339 1692 1405 1737 49,
1421 1692 1486 1727 55.
1524 1692 1591 1738 50,
1610 1692 1673 1728 26.
1692 1692 1756 1728 27.
1774 1691 1837 1728 31.

342 1759 404 1796 36.
424 1758 475 1795 37
492 1757 562 1795 bis.
579 1760 643 1796 40.
661 1760 713 1796 47
731 1757 799 1795 bis.
817 1759 882 1796 48.
901 1760 965 1796 50.
984 1759 1047 1796 55.
1066 1760 1131 1796 56.
1173 1760 1239 1807 52,
1257 1761 1293 1796 3.
1312 1760 1347 1796 5.
1365 1760 1402 1797 8.
1422 1760 1483 1796 19.
1527 1760 1592 1807 53,
1611 1761 1646 1797 6.
1665 1760 1699 1795 7.
1718 1760 1755 1797 8.
1775 1760 1838 1797 10.

342 1827 405 1875 59,
424 1827 488 1868 38;
527 1838 632 1874 quae
663 1825 838 1875 pendent
870 1838 917 1863 ex
951 1826 1084 1864 verbis
1116 1821 1230 1875 λέγω
1253 1825 1495 1873 (terdecies),
1525 1818 1667 1872 εἷπον,
1701 1819 1838 1877 λόγον

339 1889 594 1944 προσφέρω,
625 1887 745 1944 λόγῳ
764 1888 934 1944 ἐπαίρω
953 1890 1025 1930 καὶ
1044 1892 1183 1942 φυσῶ,
1210 1885 1509 1944 ἀποκρίνομαι
1529 1890 1838 1943 (sexiesdecies),

341 1956 496 2012 φράζω
528 1961 632 2009 (bis),
673 1962 812 2011 quibus
853 1962 1070 2008 interdum,
1108 1975 1185 2011 quo
1228 1963 1453 2000 accuratius
1495 1962 1693 2012 colloquia
1723 1962 1839 2012 signi—

343 2029 511 2068 ficentur
513 2031 743 2080 ,participia
760 2023 1046 2081 προσελθών,
1066 2020 1323 2083 ἀπαντήσας
1339 2030 1613 2081 adiunguntur
1626 2030 1839 2081 (οἱπροσ-

341 2094 510 2148 ε’ρχεται
553 2094 694 2149 λεγων
728 2101 792 2148 50,
809 2102 875 2137 47.
917 2102 980 2144 52,
1003 2101 1065 2138 19.
1108 2102 1172 2148 53,
1191 2098 1243 2145 6).
1310 2100 1418 2138 Haec
1461 2100 1592 2137 omnia
1634 2100 1841 2138 enuntiata

343 2166 584 2216 explicativa
617 2180 637 2204 a
669 2167 864 2216 particula
896 2156 967 2204 ὅτι
998 2167 1204 2217 incipiunt,
1247 2171 1413 2216 excepto
1446 2180 1523 2205 uno
1557 2169 1621 2216 53,
1638 2170 1660 2207 6
1695 2162 1839 2217 λέγων

342 2231 454 2284 πρὸς
485 2246 556 2285 εμε
588 2225 645 2280 ὡς
678 2224 831 2272 ἀκούει
864 2226 1002 2272 αὐτὸν
1035 2232 1187 2280 δεινῶς
1220 2232 1484 2280 διακεῖσθαι,
1522 2235 1628 2284 quod
1674 2235 1722 2273 ob
1755 2247 1838 2273 eam

343 2315 500 2341 causam
543 2303 678 2342 dubito
721 2317 768 2340 an
813 2304 1027 2342 enuntiatis
1065 2304 1363 2353 interrogativis
1401 2303 1744 2342 adnumerandum
1778 2303 1841 2342 sit.

344 2372 497 2410 Addam
529 2375 659 2410 autem
693 2384 759 2410 eos
782 2372 900 2417 locos,
933 2372 997 2410 ubi
1022 2368 1233 2421 λέγοντος
1256 2372 1319 2409 vel
1342 2372 1468 2410 simile
1491 2372 1584 2421 quid
1609 2371 1659 2410 ad
1682 2361 1839 2409 ἀκούω

345 2445 383 2478 et
403 2433 695 2489 πυνθάνομαι
718 2440 933 2478 subaudire
955 2440 1061 2478 licet:
1093 2443 1159 2489 47,
1179 2442 1242 2478 67.
1274 2441 1340 2489 48,
1361 2442 1420 2479 19.
1455 2442 1518 2489 59,
1535 2442 1600 2479 56.
1643 2440 1700 2479 Of.
1722 2440 1835 2478 etiam

345 2511 411 2558 47,
427 2511 491 2547 49.
525 2510 671 2558 50,37.
705 2510 856 2558 53‚23;
888 2511 952 2553 47,
973 2510 1040 2550 68;
1074 2510 1205 2555 59,51
1239 2521 1276 2557 p.
1294 2510 1346 2547 35
1366 2520 1421 2557 sq.
1455 2528 1507 2532 --
1546 2508 1700 2547 Deinde
1732 2510 1839 2558 opta-

345 2578 414 2614 tivi
459 2576 506 2614 de
550 2576 762 2614 mendaciis
804 2577 895 2614 dicti
938 2580 1045 2614 sunt:
1094 2579 1126 2622 7,
1147 2579 1182 2615 2.
1230 2578 1374 2626 18,22.
1422 2579 1568 2622 19,16.
1612 2579 1758 2625 33,17.
1778 2579 1840 2615 18.

348 2647 493 2694 34,49.
532 2647 597 2693 43,
614 2646 649 2683 3.
668 2646 732 2684 39.
772 2647 837 2693 47,
855 2646 889 2683 6.
908 2647 972 2683 46.
1012 2646 1158 2693 52,15.
1199 2646 1343 2694 57,19.
1385 2647 1450 2694 58,
1469 2647 1532 2684 30.
1565 2646 1628 2690 59,
1647 2646 1743 2689 9.9;
1774 2645 1840 2682 ubi

348 2712 470 2750 verba
501 2712 761 2762 praecedunt:
796 2707 1013 2761 αἰτιῶμαι,
1047 2707 1193 2749 αἰτίαν
1216 2707 1426 2762 ἐπιφέρει),
1461 2703 1734 2763 ἀμφισβητῶ,
1768 2702 1839 2748 άν-

348 2773 548 2829 τόμνυμι,
586 2777 823 2832 ὁημηγορῶ
855 2777 929 2817 καὶ
961 2778 1211 2831 κατηγορῶ,
1249 2774 1431 2830 ἔξαρνος
1463 2777 1678 2830 γίγνομαι,
1710 2791 1839 2817 κατα-

350 2838 562 2896 σκευάζει),
596 2846 893 2898 καταχρῶμαι,
924 2846 1159 2900 κατηγορῶ
1191 2844 1264 2885 καὶ
1297 2844 1423 2899 λέγω,
1463 2844 1576 2898 λέγω
1601 2845 1705 2897 (bis),
1734 2856 1838 2899 μαρ-
