2132 3358
1642 203 1694 239 43

206 314 317 362 Quae
350 314 380 351 si
413 317 518 351 recte
551 313 754 363 disputata
785 317 890 362 sunt,
919 314 1109 363 sequitur,
1141 317 1182 351 ut
1213 314 1379 363 optativi
1407 327 1429 351 a
1451 315 1695 364 temporibus

205 380 492 431 principalibus
547 380 768 430 pendentes
823 381 982 429 liuguae
1039 382 1212 420 Graecae
1267 381 1418 431 legibus
1473 383 1696 430 repugnent

205 461 430 498 eorumque,
475 449 538 487 ubi
571 448 766 493 dicuntur,
810 449 1059 497 singulorum
1103 449 1276 487 rationes
1319 449 1572 497 quaerendae
1609 449 1695 487 sint.

204 518 335 566 Atque
370 520 472 563 16,5
505 516 722 566 optativum
755 529 803 554 ex
836 516 1040 555 modorum
1064 518 1298 555 attractione
1321 517 1582 566 repetendum
1606 528 1695 555 esse

205 598 241 634 p.
259 587 311 624 34
343 597 404 622 an.
425 587 444 623 1
479 585 748 634 exposuimus;
781 585 922 634 reliqui
955 597 1032 623 non
1066 584 1202 623 dubito
1234 586 1326 634 quin
1359 585 1448 623 inde
1471 584 1695 634 explicandi

204 653 298 698 sint,
340 652 446 702 quod
479 656 624 700 orator,
662 653 733 691 etsi
774 653 951 701 perfecta
993 656 1032 691 et
1062 654 1287 702 praesentia
1327 656 1526 703 posuerat,
1564 655 1694 691 tamen

203 721 361 759 aoristis
393 724 432 758 et
464 719 707 769 imperfectis
738 732 778 758 se
813 732 923 758 usum
957 733 1054 767 esse,
1087 734 1172 760 cum
1207 722 1500 760 enuntiatorum
1524 721 1696 770 explica-

203 789 370 826 tivorum
405 788 528 826 verba
559 789 848 838 pronuntiaret,
880 789 1134 838 opinabatur;
1173 788 1365 827 eiusmodi
1397 789 1498 828 enim
1532 792 1697 838 peccata

204 857 241 894 in
274 855 471 894 cotidiano
504 868 684 894 sermone
717 857 839 895 multa
870 861 1084 895 occurrunt
1105 857 1304 907 facileque
1327 870 1374 895 ex
1395 858 1512 895 animi
1535 857 1696 895 humani

204 926 345 961 natura
375 923 636 961 illustrantur.
682 924 734 962 Ut
765 927 830 972 47,
851 927 900 963 13
924 928 962 962 et
984 927 1047 969 52,
1066 927 1117 963 22
1151 925 1320 962 oratoris
1352 925 1522 962 animum
1556 936 1578 961 a
1609 936 1696 973 per-

203 991 317 1030 fectis
352 984 737 1043 μεμαρτυρὴκασιυ
784 995 822 1029 et
863 981 920 1029 ου’
959 985 1287 1042 τετολμήκασιν
1325 989 1603 1042 μαρτυρῆσαι
1645 991 1694 1029 ad

203 1060 371 1097 aoristos
395 1052 704 1110 ἐμαρτύρησαν
731 1063 770 1097 et
800 1049 885 1096 οὐκ
915 1052 1164 1111 ἐτόλμησαν
1185 1056 1460 1110 μαρτυρῆσαι
1491 1060 1696 1097 aberrasse

203 1131 310 1177 puto,
341 1126 379 1164 id
412 1126 519 1176 quod
551 1139 596 1165 eo
629 1126 785 1165 facilius
817 1127 898 1165 fieri
933 1128 1071 1177 potuit,
1105 1140 1183 1177 quo
1217 1128 1402 1178 proprius
1433 1128 1497 1166 illa
1518 1127 1696 1177 perfecta

202 1195 252 1234 ad
296 1195 531 1234 aoristorum
576 1197 773 1234 notionem
817 1195 1014 1234 accedunt
1045 1196 1110 1243 (cf.
1142 1197 1322 1246 Mahlow,
1358 1197 1502 1235 Kulins
1535 1197 1609 1234 Zts.
1631 1197 1696 1245 26,

202 1265 282 1302 599
301 1261 420 1312 sqq.);
455 1265 559 1312 59,5
593 1275 640 1301 ex
671 1263 803 1302 verbis
833 1260 907 1300 καὶ
938 1261 1023 1301 νῦν
1054 1258 1116 1302 ἔτι
1148 1253 1430 1314 ὁμολογεῖται
1460 1263 1695 1302 subaudien-

201 1331 293 1369 dum
338 1343 425 1369 esse
468 1322 618 1381 ὥσπερ
661 1328 733 1368 καὶ
775 1325 999 1382 πρότερον
1038 1321 1315 1383 ὡμολογεῖτο
1357 1334 1432 1370 iam
1473 1332 1588 1371 Aken
1629 1332 1695 1370 l.l.

201 1401 224 1443 §
246 1402 311 1449 94,
333 1402 356 1439 3
390 1399 503 1441 vidit;
549 1399 805 1449 similiterque
839 1402 971 1450 56,21
1006 1391 1155 1450 ὥσπερ
1195 1397 1267 1438 καὶ
1311 1393 1536 1451 πρότερον
1574 1394 1694 1450 ἔλεγε

201 1468 267 1506 vel
298 1467 424 1505 simile
456 1467 550 1517 quid
583 1468 623 1505 in
655 1468 824 1506 oratoris
855 1468 984 1507 animo
1007 1473 1205 1507 versatum
1229 1481 1314 1508 esse
1337 1469 1526 1508 existimo.
1567 1468 1695 1517 Certe,

201 1547 442 1585 quamquam
471 1535 569 1574 tales
597 1536 794 1585 optativos
823 1537 928 1587 apud
952 1538 1182 1576 recentioris
1204 1537 1345 1576 aetatis
1375 1537 1591 1587 scriptores
1619 1536 1693 1574 fre-

201 1604 431 1653 quentiores
477 1615 563 1642 esse
609 1603 814 1653 constat,¹)
862 1606 1030 1655 vestigia
1075 1606 1310 1644 recentioris
1356 1605 1559 1644 cuiusdam
1600 1616 1694 1643 usus

202 1673 370 1710 maxime
401 1684 449 1710 ex
490 1684 672 1711 sermone
703 1673 923 1711 Atticorum
967 1673 1166 1712 cotidiano
1209 1674 1282 1713 orti
1316 1674 1393 1712 illis
1425 1674 1521 1712 locis
1552 1674 1694 1712 Demo-

199 1741 389 1779 sthenicis
420 1753 640 1790 agnoscere
671 1753 749 1779 non
782 1741 986 1785 debemus;
1033 1743 1196 1792 etenim,
1233 1755 1320 1781 cum
1353 1743 1392 1781 in
1425 1742 1560 1792 lingua
1591 1742 1693 1780 Neo·

203 1821 348 1858 graeca
379 1821 482 1858 quae
514 1812 680 1847 vocatur
721 1811 922 1859 optativus
953 1811 1069 1859 plane
1101 1809 1372 1860 aboleverit‚2)
1416 1810 1573 1849 dubium
1607 1821 1693 1849 esse

199 1889 277 1915 non
311 1880 453 1926 potest,
496 1878 591 1927 quin
623 1878 729 1927 apud
760 1878 848 1916 illos
880 1879 1098 1929 scriptores
1129 1879 1295 1929 optativi
1328 1892 1422 1919 usus
1454 1892 1525 1929 per
1556 1879 1692 1918 falsam

200 1944 419 1983 Atticorum
452 1945 709 1983 imitationem
742 1949 989 1995 propagatus
1020 1946 1117 1994 sit.3)

198 2088 246 2123 Ut
275 2088 440 2130 „domum
466 2088 675 2123 ae‹lificare“
706 2089 889 2125 verbalem
916 2089 1025 2125 habet
1056 2091 1322 2135 accusativum,
1360 2092 1528 2135 quoniam
1563 2091 1693 2126 domus

198 2143 423 2179 aedificando
442 2144 587 2179 demum
605 2145 774 2189 gignitur,
802 2145 970 2189 „domum
989 2150 1182 2182 exornare⁸⁶
1205 2147 1446 2191 transitivum,
1463 2158 1545 2182 cum
1563 2147 1693 2181 domus

198 2200 267 2235 iam
293 2205 376 2236 ante
402 2201 650 2236 exornandum
677 2201 810 2247 fuerit.)
860 2203 932 2238 Sed
959 2203 1026 2238 hoc
1051 2204 1261 2248 discrimen,
1295 2214 1509 2249 quamquam
1545 2203 1693 2238 mutatis

198 2258 379 2293 mutandis
405 2258 450 2292 ad
485 2259 671 2293 enuntiata
696 2259 915 2303 explicativa
945 2260 1130 2295 transferri
1166 2265 1301 2306 potest,
1339 2266 1458 2296 tamen
1490 2261 1534 2296 ad
1569 2271 1692 2296 eorum

201 2318 366 2359 tempora
391 2310 595 2360 modosque
621 2315 756 2361 aliquid
782 2316 902 2352 valere
929 2317 1013 2351 mihi
1039 2318 1259 2362 persuadere
1284 2329 1356 2353 non
1383 2319 1495 2362 potui.

313 2385 340 2425 1)
366 2382 419 2418 Cf.
446 2394 478 2427 p.
495 2385 536 2417 28
563 2394 617 2418 an.
637 2388 663 2419 1.
760 2388 783 2427 ²)
810 2384 862 2420 Cf.
889 2385 928 2419 F.
944 2386 999 2420 W.
1018 2386 1063 2420 A.
1083 2386 1253 2430 Mulla‹:h‚
1289 2386 1510 2422 Grammatik
1546 2387 1609 2421 der
1641 2397 1693 2431 gr.

197 2439 487 2484 Vulgarsprache
513 2445 592 2485 etc,
626 2441 746 2476 Berlin
776 2445 872 2486 1856,
907 2445 1034 2486 p.22‹).
1053 2446 1126 2478 372.
1185 2444 1224 2477 E.
1250 2444 1435 2488 Legrand,
1469 2443 1692 2479 Grammaire

197 2506 358 2541 grecque
376 2497 560 2541 moderne,
588 2498 687 2533 Paris
709 2502 804 2543 1878,
830 2510 865 2543 p.
881 2503 932 2534 57.
971 2500 1044 2534 Iam
1071 2500 1105 2534 in
1126 2501 1231 2536 Novo
1250 2500 1489 2536 'l'estamcnto
1507 2512 1572 2545 pro
1591 2504 1691 2545 opta-

197 2552 283 2587 tivis
308 2552 395 2587 alias
422 2553 596 2597 quasdam
623 2555 918 2591 constructiones
944 2557 1162 2592 substitutas
1193 2568 1275 2593 esse
1302 2558 1436 2601 Winer,
1470 2558 1692 2593 Grammatik

197 2609 263 2644 des
288 2610 680 2646 neutestamentlichen
698 2611 978 2658 Sprachidioms,
1005 2613 1155 2659 Leipzig
1177 2618 1272 2658 1855,
1298 2625 1329 2658 p.
1346 2618 1400 2649 35.
1419 2618 1482 2649 252
1509 2616 1690 2659 exposuit.

196 2668 224 2710 ³)
250 2666 445 2701 Admoneo
483 2667 590 2702 etiam
628 2668 674 2702 de
711 2669 885 2712 optativis
922 2670 957 2704 in
995 2671 1305 2706 enuntiationibus
1340 2672 1568 2716 explicativis
1606 2677 1692 2717 post

196 2727 361 2766 tempora
405 2724 571 2767 primaria
614 2726 794 2769 usurpatis
832 2730 929 2770 3‚34.
968 2731 1088 2771 22‚11.
1128 2731 1363 2773 24,145.1i7‚
1402 2729 1691 2774 dequuibusz.

197 2778 426 2823 Ph.Webcr‚
459 2780 952 2826 Entwicklungsgeschichte
984 2784 1050 2819 der
1082 2784 1359 2821 Absiclitssiitze
1386 2785 1422 2819 Il
1455 2786 1514 2825 (z
1539 2786 1688 2832 Schanz,

196 2835 307 2872 Beitr.
325 2836 369 2879 ΙΙ,
388 2839 406 2871 2
428 2836 490 2883 [5],
517 2837 723 2883 Wtirzburg
745 2842 844 2884 1885)
869 2851 904 2884 p.
919 2844 960 2875 37
976 2851 1031 2887 sq.
