2132 3358
1673 207 1724 243 35

236 310 415 353 στείλειε
458 312 551 353 τῶν
588 307 829 367 χρημάτων
872 308 975 353 ἔνια.
1040 318 1146 366 59,5
1179 306 1292 354 α’λλὰ
1332 314 1404 355 καὶ
1437 316 1520 355 νῦν
1553 312 1630 363 ἔτι,
1671 310 1727 355 ἄν

234 394 325 421 ποι·
359 377 490 433 λόγος
522 379 712 435 γένηται,
753 377 876 433 παρὰ
904 376 1092 421 πάντων
1124 376 1416 434 ὁμολογεῖται,
1458 378 1516 431 ὡς
1546 379 1600 423 τὰ
1631 381 1724 433 βέλ-

234 459 358 489 τιστα
391 444 532 489 εἰπών
562 443 694 488 ἄδικα
725 444 881 489 πάθοι.
945 451 1119 490 Eandem
1153 454 1388 502 scripturam
1423 454 1508 491 libri
1540 454 1728 492 exhibent

237 521 370 567 52,29
403 509 717 570 (πεισθήσεσθε
760 506 883 567 ὑμεῖς
924 506 983 563 ὡς
1024 512 1329 569 ἐπιορκήσειεν
1371 515 1394 557 ὁ
1432 510 1727 571 Ἀρχεβιάδης),

237 599 354 636 quam
397 598 497 625 unos
530 586 768 624 Turicenses
806 598 986 624 servasse
1019 586 1153 630 vide0;
1201 587 1344 626 Reiske
1375 587 1446 626 Bk.
1479 588 1535 627 Bl.
1567 588 1642 626 Dd.
1673 579 1729 625 ἄν

238 658 327 704 post
358 647 664 703 ἐπιορκήσειεν
696 655 970 703 inseruerunt,
1017 655 1085 693 Vo.
1119 655 1245 693 loeum
1279 659 1507 706 corruptum
1541 669 1624 695 esse
1656 657 1727 695 sibi

237 722 363 760 videri
405 723 595 760 astonisco
639 723 812 771 aselipto
857 722 1058 761 indicavit.
1127 725 1275 773 Aperte
1322 723 1492 774 denique
1538 728 1729 774 corrupta

236 793 341 830 sunt.
371 803 473 839 quae
505 793 570 840 24,
590 793 667 829 123
700 790 880 840 plerique
914 791 999 828 libri
1033 792 1196 830 habent:
1238 785 1315 829 ἐάι
1345 803 1410 838 τις
1443 822 1451 829 .
1475 823 1516 830 ..
1549 789 1591 830 τὶ
1623 791 1729 842 ποιῇ

237 846 300 896 ων
332 853 374 895 οἱ
406 852 535 908 νόιιοι
569 848 942 909 απαγορεύουσιν,
976 848 1032 896 οὗ
1055 853 1195 906 λύετε,
1227 856 1297 896 καὶ
1322 851 1450 898 ταῦί
1472 851 1674 905 εἰδότες
1660 852 1727 898 ότι

238 919 309 964 διὰ
339 922 498 963 πενίαν
529 917 755 978 ποιησειει
787 915 810 963 ὁ
837 920 1016 964 τούτων
1037 938 1080 963 τι
1100 925 1267 971 ποιῶι;
1300 932 1390 978 post
1410 924 1570 965 πενίαν
1593 941 1729 967 omnes

238 998 397 1044 praeter
429 994 499 1032 Vo.
522 1006 609 1032 eum
634 993 704 1032 Bk.
737 984 791 1030 ἄν
821 994 1065 1036 indiderunt;
1097 994 1255 1042 FY(S?)
1286 987 1457 1045 ποιήσει
1491 996 1690 1035 exhibent.

351 1063 567 1100 Praeterea
601 1063 637 1099 in
670 1061 802 1099 tabula
833 1062 948 1100 tertia
978 1063 1002 1100 ii
1025 1062 1098 1101 loei
1120 1065 1386 1112 praetermissi
1406 1067 1511 1112 sunt⁷
1542 1065 1604 1102 ubi
1628 1065 1730 1103 modi

239 1131 425 1169 orationis
466 1133 600 1168 rectae
641 1132 680 1168 et
721 1131 886 1179 optativi
928 1130 1075 1179 obliqui
1114 1132 1236 1169 iuneti
1271 1132 1479 1181 leguntur3
1522 1145 1623 1182 quos
1654 1134 1728 1171 iam

239 1200 416 1237 affeiam:
451 1201 514 1246 27,
531 1200 583 1237 49
616 1191 780 1248 ἐτόλμα
815 1228 822 1235 .
882 1194 1080 1248 ,λε’γειι,
1112 1187 1174 1245 (ὃς
1202 1196 1410 1250 ...χρέα
1431 1212 1478 1237 τε
1501 1191 1730 1251 πάμπολλ’

239 1261 484 1304 ἐκτέτεικεν
516 1254 629 1314 ὑπὲρ
661 1260 768 1315 ἐμοῦ
801 1227 1066 1316 Δημοφῶντι
1105 1263 1177 1304 καὶ
1214 1229 1467 1318 Θηριππίδη
1505 1273 1599 1314 τοῖς
1631 1278 1730 1307 συν-

239 1327 512 1384 επιτρόποις,
544 1330 619 1370 καὶ
650 1346 711 1379 ως
741 1328 890 1371 πολλὰ
921 1333 1014 1371 τῶν
1046 1330 1168 1385 ἐμῶν
1198 1329 1390 1384 λάβοιεν.
1443 1350 1500 1387 pr.
1518 1340 1584 1386 34,
1604 1341 1623 1376 1
1648 1349 1732 1376 ουκ

241 1394 405 1454 ἄδηλον
436 1401 492 1452 ην
525 1432 531 1439 .
559 1432 565 1439 .
591 1431 598 1439 .
631 1394 790 1453 πρώην
824 1432 831 1440 .
856 1433 862 1439 .
890 1432 912 1449 .,
952 1392 1022 1440 ὅτι
1053 1396 1316 1455 συμβήσεται
1346 1395 1478 1442 τοῦθ’
1501 1417 1525 1442 ο
1556 1403 1641 1443 νῦν
1670 1403 1731 1456 γί-

240 1481 401 1521 γνεται,
439 1469 555 1517 (seii.)
587 1460 656 1507 ὅτι
690 1464 731 1507 οἱ
763 1464 865 1508 τότε
897 1467 1179 1517 κωλυθέντες
1211 1468 1355 1522 ε’ροῑεν
1387 1469 1446 1519 εἰς
1477 1466 1633 1525 ἑτέραν
1665 1470 1733 1512 ἐκ·

239 1535 435 1590 κλησίαν.
469 1558 522 1564 -
553 1541 618 1584 47,
637 1541 688 1578 68
722 1532 997 1612 διηγησάμην
1028 1530 1182 1586 αὐτοῖς
1212 1532 1390 1578 ἅπαντα
1421 1535 1475 1579 τὰ
1504 1534 1733 1593 γενόμενα,

238 1599 320 1682 τήν
350 1618 397 1644 τε
430 1598 580 1655 ἄφιξιν
613 1600 695 1658 τὴν
725 1600 921 1653 τούτων,
953 1604 1025 1644 καὶ
1058 1601 1139 1660 τὴν
1162 1601 1345 1646 εὔνοιαν
1372 1607 1449 1662 τῆς
1470 1600 1734 1660 ἀνθρώπου,

238 1686 309 1712 και
353 1686 414 1719 ως
458 1666 577 1723 εἶχον
619 1665 762 1724 αὐτὴν
801 1669 848 1712 ἐν
885 1673 938 1724 τῇ
970 1671 1107 1727 οἰκίᾳ,
1151 1688 1223 1714 και
1255 1689 1315 1722 ως
1346 1671 1417 1715 διὰ
1447 1672 1499 1716 τὸ
1531 1675 1735 1729 κυμβίον,

239 1733 324 1781 οὐκ
366 1732 554 1791 ιιᾳιεῑσα,
595 1737 913 1793 τελευτήσειει.
974 1747 1040 1794 48,
1057 1747 1111 1783 44
1143 1737 1442 1797 κατεχρήσατο
1481 1741 1594 1798 πρὸς
1630 1741 1734 1793 τοὺς

239 1804 459 1857 δικαστάς,
501 1801 569 1848 ότι
610 1802 697 1861 ἐγω
737 1805 819 1862 την
857 1806 1018 1860 οἰκίαν,
1062 1802 1115 1863 ηπ
1156 1808 1317 1860 ε’λαβον
1349 1809 1396 1851 ἐν
1427 1811 1480 1863 τῇ
1509 1811 1652 1889 μερίδι
1683 1813 1736 1864 τῆ

238 1874 446 1929 ἐμαυτοῦ,
477 1875 812 1929 μεμισθωιιένος
843 1875 937 1931 εἴην
967 1892 1058 1930 παρ
1094 1871 1248 1928 αὐτοῦ,
1280 1879 1353 1919 καὶ
1386 1876 1437 1920 τὸ
1466 1874 1679 1933 αργύριον
1712 1874 1736 1921 ὃ

240 1941 402 1994 έλαβον
434 1977 440 1984 .
468 1977 506 1984 ..
542 1939 610 1985 ὅτι
653 1942 945 1999 ἑδαιεισάμην
985 1942 1107 1999 παρὰ
1146 1943 1325 1987 τούτο(
1388 1953 1451 1997 50
1475 1953 1526 1990 37
1570 1963 1618 1988 εν
1658 1947 1738 2001 μὲν

239 2013 291 2064 τῇ
335 2005 477 2067 άγορᾷ
526 2005 798 2065 ἀπεκρίνατό
844 2027 920 2065 μοι
966 2008 1017 2054 τὸ
1059 2011 1286 2067 πρότερον
1328 2008 1397 2056 ὅτι
1440 1990 1574 2057 οὐδὲν
1612 2011 1737 2070 αὐτῷ

241 2080 368 2133 μέλοι
400 2072 465 2120 ὧν
497 2079 678 2132 λέγοιμι,
725 2078 772 2120 ἐν
804 2080 849 2121 δὲ
881 2081 933 2133 τῇ
966 2079 1084 2137 οἰκίᾳ
1118 2114 1125 2121 .
1151 2115 1157 2121 .
1184 2115 1206 2132 .,
1239 2078 1308 2123 ὅτι
1339 2079 1476 2135 μόνος
1507 2077 1562 2124 οὔ
1597 2098 1737 2137 παρα-

242 2144 424 2202 λήψεται
457 2143 539 2203 την
571 2149 696 2188 ναῦν.
723 2171 777 2177 --
810 2154 944 2196 34,17
977 2147 1087 2202 ἐμοῦ
1119 2147 1361 2205 διαρρήδην
1391 2148 1649 2205 γράψαντος
1681 2151 1738 2200 εἰς

242 2213 293 2256 τὸ
326 2213 519 2270 ἔγκλημα
554 2249 561 2256 .
588 2249 595 2256 .
622 2249 629 2256 .
663 2210 731 2257 ὅτι
770 2212 873 2257 οὔτε
915 2213 969 2257 τὰ
998 2212 1180 2273 χρήματ’
1203 2216 1388 2259 ἔνθοιτο
1420 2218 1480 2267 εἰς
1512 2214 1593 2275 την
1624 2221 1739 2260 ναῦν

243 2277 337 2324 οὔτ’
360 2279 562 2324 ἀπέδωκε
595 2280 646 2324 τὸ
677 2284 872 2337 χρυσίον.
894 2309 949 2313 ——
985 2289 1117 2326 Dubia
1149 2293 1241 2327 sunt
1273 2293 1435 2340 24‚213
1469 2287 1641 2341 λέγεται

240 2350 381 2392 εἰπεῖν
422 2345 490 2392 ὅτι
534 2344 671 2401 αὕτὸς
707 2345 875 2407 ἡγεῖται
917 2347 1134 2406 άργύριον
1165 2353 1245 2406 μὲν
1276 2351 1466 2408 νόμισμα
1503 2351 1615 2396 εἶναι
1646 2357 1739 2396 τῶν

243 2417 374 2459 ἰδίων
407 2417 790 2473 συναλλαγμάτων
814 2419 961 2461 εἵνεκα
991 2429 1084 2469 τοῖς
1116 2416 1315 2470 ἰδιώταις
1346 2414 1602 2477 εὑρημένον,
1635 2420 1740 2473 τοὺς

241 2487 286 2528 δὲ
332 2484 496 2540 νόμους
539 2479 694 2543 ἡγοῖτο
738 2484 926 2542 νόμισμα
965 2491 1043 2543 τῆς
1083 2486 1256 2539 πόλεως
1289 2486 1417 2531 εἶναιε
1463 2483 1619 2546 ἡγοῖτο
1653 2495 1739 2533 libri

241 2558 330 2606 (ssk.
362 2560 434 2597 Tu.
466 2559 697 2609 Sjoestrand
738 2574 774 2610 p.
797 2561 875 2610 11),
920 2566 1068 2613 ηγεῐτο
1102 2564 1143 2604 5;
1191 2562 1312 2602 Cobet
1351 2565 1434 2601 We.
1472 2564 1530 2601 Bl.
1570 2564 1740 2602 secluse-

242 2632 343 2665 runt
375 2648 430 2652 -
463 2629 528 2677 32,
544 2630 569 2667 8
602 2622 790 2678 έπραττε
836 2625 980 2679 λέγων
1019 2619 1079 2675 ὥς
1117 2642 1253 2674 αυτος
1284 2642 1329 2667 τε
1369 2627 1443 2667 καὶ
1475 2625 1530 2668 τὰ
1556 2621 1740 2681 χρήματ’

246 2689 422 2732 εκεῑθέν
453 2689 558 2741 ἐστι,
591 2692 663 2732 καὶ
698 2685 721 2732 ὁ
756 2689 1007 2747 ναύκληρος
1038 2693 1103 2747 ειή
1136 2694 1209 2734 καὶ
1232 2709 1274 2734 οι
1298 2691 1599 2743 δεδανεικότες
1621 2697 1742 2736 Μασ-

241 2760 466 2799 σαλιωται.
500 2782 552 2788 -
597 2764 757 2802 Incerta
793 2768 885 2802 sunt
916 2767 982 2814 47,
999 2767 1051 2804 49
1070 2777 1127 2814 sq.
1159 2758 1348 2816 ἐδεήθην
1382 2762 1633 2816 ..λέγων
1664 2759 1742 2811 τὰς

240 2820 465 2883 ἀληθείας,
508 2823 574 2869 ὅτι
609 2828 944 2882 πεπορισμένου
977 2830 1062 2870 τοῦ
1095 2823 1310 2884 ἀργυρίου
1343 2824 1366 2869 ὅ
1400 2827 1582 2884 ἔμελλον
1614 2824 1739 2885 αὐτῷ

1486 2910 1532 2942 3*
