2084 3342
350 185 401 221 70

347 293 670 344 Sympos.193d.
730 293 804 332 Sed
848 294 940 331 licet
981 293 1147 337 dubites,
1192 307 1282 332 num
1328 294 1465 332 cadem
1507 298 1709 334 structura
1751 299 1841 346 post

346 363 424 399 alia
470 374 630 411 quoque
677 361 796 399 verba
842 362 967 399 locum
1016 362 1170 400 habeat.
1231 362 1345 410 Quod
1385 364 1449 412 qui
1490 366 1752 413 negaverunt,
1799 368 1841 402 ut

347 429 510 479 Madvig
546 429 669 476 (ch.
701 442 736 478 p.
754 432 805 468 34
824 441 896 478 sq.;
938 429 1158 479 Synt.172.
1204 430 1463 480 Adv.crit.1,
1490 433 1671 481 155sq.)‚
1716 431 1841 470 Cobet

346 497 451 544 (VL2
473 510 509 546 p.
528 500 591 536 97.
610 500 702 536 262.
733 497 805 535 NL
827 496 990 547 p.365),
1023 498 1099 547 alii,
1130 510 1239 548 quos,
1271 511 1357 536 cum
1390 499 1568 548 plerique
1592 513 1612 536 a
1635 499 1837 548 Madvigio

346 565 484 613 (Bem.)
517 566 704 603 nominati
737 566 826 615 sint,
857 566 1143 614 praetermitto,
1175 579 1258 604 cam
1292 568 1458 605 maxime
1488 567 1657 617 negandi
1681 580 1839 606 causam

346 633 608 683 protulerunt,
640 633 747 682 quod
780 633 886 671 credi
919 645 996 671 non
1029 637 1174 683 posset,
1206 633 1373 673 eundem
1407 635 1616 685 aoristum,
1654 635 1719 685 qui
1753 639 1842 685 post

347 702 466 740 verba
508 701 665 739 dicendi
709 704 747 739 et
789 701 987 750 cogitandi
1027 704 1148 751 atque
1191 714 1238 740 ea
1279 703 1362 741 sola
1403 703 1606 752 praeteriti
1639 703 1839 742 notionem

346 771 512 808 haberet
534 769 597 816 (cf.
621 782 656 818 p.
675 767 756 815 27),
788 769 924 807 eadem
958 773 1049 819 post
1081 770 1202 808 verba
1234 770 1431 809 interdum
1456 771 1569 809 etiam
1593 771 1640 809 ad
1664 771 1838 810 futurum

346 841 538 888 spectare.
598 837 674 875 Sed
717 838 861 875 dixerit
902 838 1115 887 quispiam,
1156 838 1231 876 hac
1272 840 1424 877 ratione
1467 840 1580 878 etiam
1624 838 1840 878 infinitivos

346 919 427 945 aor.
465 906 513 944 ab
557 901 681 951 ἐλπίς
724 900 841 943 ἐστιν
885 906 951 943 vel
990 901 1155 956 ἐλπίζω
1197 906 1415 956 pendentes
1460 907 1607 957 ubique
1650 907 1840 946 delendos

346 984 450 1017 esse;
498 974 560 1012 cui
592 973 752 1024 Madvig
784 974 906 1021 (Bem.
938 973 1060 1024 p.4‘2)
1094 974 1325 1024 respondet:
1374 976 1454 1020 „Es
1496 976 1545 1014 ist
1587 976 1722 1014 nicht
1760 989 1840 1014 un-

347 1041 580 1092 denkbar,
621 1041 713 1080 dass
745 1043 807 1080 bei
841 1043 968 1081 einem
1000 1042 1161 1081 verbum
1196 1042 1265 1080 wie
1298 1037 1479 1091 ἐλπίζω,
1521 1043 1591 1082 das
1629 1043 1722 1081 fast
1753 1056 1838 1082 aus-

346 1111 592 1149 scliliessend
634 1123 711 1149 von
754 1111 825 1149 der
866 1111 1036 1149 zukunft
1073 1112 1294 1161 gebraucht
1330 1111 1438 1158 wird,
1484 1112 1563 1150 und
1597 1113 1722 1150 wobei
1756 1113 1840 1151 also

346 1192 421 1217 von
455 1180 564 1217 einer
595 1179 847 1230 anwendung
880 1179 948 1218 des
978 1192 1059 1217 aor.
1090 1180 1149 1217 als
1181 1181 1438 1229 praeteritum
1479 1180 1610 1218 nicht
1647 1180 1840 1219 sonder-

346 1247 439 1285 lich
472 1247 534 1285 die
565 1247 659 1285 rede
692 1260 775 1285 war
807 1247 992 1295 (welches
1024 1248 1062 1286 in
1095 1247 1196 1286 noch
1231 1248 1415 1286 hoherem
1449 1248 1573 1298 grade
1606 1261 1684 1287 von
1716 1243 1841 1294 ἐλπίς

345 1310 464 1353 ἐστιν
506 1315 587 1353 und
630 1315 807 1354 anderen
852 1316 1108 1354 redensarten
1153 1317 1221 1354 mit
1260 1310 1383 1362 ἐλπίς
1415 1315 1514 1366 gilt),
1557 1317 1627 1355 der
1659 1329 1739 1355 aor.
1770 1317 1841 1355 wie

345 1384 404 1421 bei
437 1376 668 1433 βούλομαι,
702 1373 881 1434 εὔχομαι
904 1383 1135 1432 (wunsche),
1167 1377 1415 1421 κινδυνεύω
1437 1384 1657 1434 gebraucht
1680 1385 1840 1423 werden
1886 1414 1889 1416 -

346 1451 543 1501 kemite,
590 1452 801 1490 obsclion
845 1452 998 1490 freilich
1042 1453 1112 1490 der
1144 1452 1343 1491 ausdruck
1377 1454 1445 1491 mit
1476 1454 1599 1492 einen]
1634 1453 1839 1492 einfachen

345 1520 512 1558 infinitiv
550 1520 678 1558 zumal
720 1520 781 1558 bei
825 1515 948 1566 ἐλπίς
990 1515 1134 1570 (ἐλπὶς
1164 1525 1313 1571 τυχεῖν
1345 1534 1434 1559 man
1468 1522 1536 1559 hat
1567 1521 1762 1572 hoffnung
1792 1534 1840 1560 zu

346 1583 571 1637 erreiclien)
605 1588 694 1625 weit
725 1587 888 1626 leichter
929 1601 977 1626 zu
1022 1588 1225 1637 begreifen
1268 1589 1318 1626 ist
1360 1590 1417 1627 als
1449 1591 1510 1627 ein
1544 1602 1622 1628 acc.
1655 1591 1721 1629 mit
1754 1590 1840 1629 dem

346 1656 412 1694 inf.
444 1656 505 1693 bei
537 1651 743 1706 {migoef‘
805 1657 891 1694 Hac
923 1658 1277 1707 argumentatione,
1309 1671 1426 1708 quam
1459 1659 1720 1697 incertissime
1752 1673 1841 1710 pro·

346 1725 462 1762 latam
496 1736 580 1762 esse
614 1725 806 1763 neminem
839 1725 977 1774 fugiet,
1010 1738 1068 1763 me
1102 1738 1177 1764 non
1212 1726 1330 1775 plane
1363 1728 1544 1764 convinci
1577 1740 1654 1766 non
1678 1740 1838 1777 possum

346 1793 438 1842 quin
482 1792 687 1841 confitear,
735 1793 828 1842 quid
872 1794 973 1831 enim
1017 1794 1167 1843 obstat,
1208 1794 1302 1844 quin
1342 1795 1524 1833 infinitivi
1558 1808 1650 1846 aor„
1693 1797 1840 1847 quippe

347 1861 412 1910 qui
456 1860 504 1898 ad
547 1855 744 1908 ἐλπίζειν
785 1861 868 1898 sine
911 1861 1031 1899 dubio
1065 1865 1273 1911 ponantur,
1319 1862 1455 1901 eodem
1490 1863 1605 1901 modo
1637 1876 1722 1902 cum
1755 1864 1841 1902 aliis

346 1928 477 1966 verbis
534 1927 734 1976 cogitandi
791 1929 892 1966 idem
952 1929 1269 1978 significantibus
1327 1932 1648 1980 coniungantur?
1728 1933 1841 1970 Neve

346 1996 640 2044 ambiguitatem
683 2008 729 2034 ex
772 1997 837 2034 illa
877 1999 1173 2036 constructione
1207 1999 1314 2036 nasci
1347 1999 1551 2049 obiciatur,
1594 2012 1643 2038 ne
1675 1999 1839 2038 eandem

346 2064 382 2101 in
416 2060 537 2115 φημί,
572 2060 687 2114 λέγω
719 2064 991 2115 similibusque
1023 2066 1154 2104 verbis
1186 2079 1271 2104 cum
1304 2066 1507 2105 infinitivis
1538 2080 1618 2106 aor.
1652 2068 1840 2106 connexis

345 2133 472 2170 inesse
514 2133 626 2170 simul
669 2133 888 2171 contendas
921 2146 1084 2172 necesse
1117 2135 1182 2179 sit;
1228 2147 1357 2184 neque
1389 2137 1490 2174 enim
1525 2136 1573 2174 de
1604 2135 1683 2173 illis
1716 2136 1840 2186 magis

347 2212 463 2248 quam
498 2199 545 2238 de
580 2200 637 2237 his
661 2200 838 2238 homines
870 2204 1019 2239 attente
1047 2201 1256 2241 audientes
1278 2203 1458 2242 dubit-are
1481 2207 1678 2253 poterant,
1708 2208 1837 2243 utrum

346 2268 392 2305 ad
418 2271 597 2317 tempora
628 2270 843 2318 praeterita
875 2282 924 2307 an
958 2269 1005 2307 ad
1040 2270 1173 2308 futura
1205 2271 1403 2310 referendi
1437 2276 1579 2311 essent.
1624 2273 1840 2312 Praeterea

347 2348 532 2374 numerus
564 2337 832 2386 exemplorum
865 2339 1116 2389 respiciatur3
1149 2352 1249 2389 quae
1279 2352 1356 2377 non
1387 2340 1501 2378 modo
1531 2342 1569 2379 in
1593 2341 1838 2380 orationibus

348 2405 676 2451 Demosthenicis,
699 2406 765 2444 sed
789 2407 825 2444 in
851 2406 1016 2444 aliorum
1039 2420 1197 2457 quoque
1219 2407 1420 2457 scriptis¹)
1444 2409 1713 2459 inveniuntur,
1745 2422 1838 2448 num

345 2485 392 2510 ca
414 2474 543 2510 onmia
565 2474 777 2512 emendare
801 2475 941 2524 licebit,
973 2488 1059 2513 cum
1083 2477 1172 2522 sint,
1205 2477 1348 2526 quibus
1371 2476 1663 2516 defendantur?
1695 2479 1839 2517 Nonne

346 2540 462 2578 etiam
503 2553 550 2578 ex
593 2542 731 2580 crebro
774 2541 953 2580 codicum
999 2543 1181 2581 dissensu
1226 2545 1465 2583 contrarium
1509 2546 1695 2595 colligere
1736 2546 1839 2593 licet,

346 2609 680 2647 constructionem
714 2610 833 2659 illam,
865 2624 982 2660 quam
1015 2611 1053 2649 in
1085 2606 1264 2660 ἐλπίζω,
1298 2608 1422 2658 ἐλπίς
1445 2608 1566 2650 ἐστιν
1588 2615 1671 2652 sim.
1703 2627 1838 2653 omnes

345 2680 580 2724 agnoscunt,
632 2678 829 2727 qnondam
875 2679 991 2717 latius
1032 2681 1205 2728 patuisse
1252 2682 1533 2732 erroribusque
1576 2682 1839 2732 librariorum,

460 2818 486 2865 ¹)
513 2817 565 2853 Cf.
591 2818 764 2854 Kuehner
789 2819 891 2865 §389
917 2830 971 2854 an.
987 2824 1016 2855 8.
