2132 3358
279 918 573 989 I)emosthenis
596 963 706 988 usum
726 950 883 989 dicendi
906 955 947 989 ut
964 950 1189 1000 diligentius
1208 954 1494 1001 perscrutarer,
1515 951 1654 989 studiis

166 1019 399 1069 quibusdam
423 1019 471 1056 ad
496 1032 550 1057 or.
572 1022 624 1058 45
658 1019 809 1057 collatis
830 1019 1014 1056 inductus
1037 1031 1133 1056 sum.
1186 1019 1244 1056 De
1267 1031 1345 1067 qua
1367 1020 1544 1057 oratione
1568 1032 1655 1057 cum

166 1088 298 1126 adhuc
331 1100 408 1125 non
442 1090 607 1136 constet,
639 1090 767 1125 utrum
801 1100 823 1125 a
845 1087 1114 1125 Demosthene
1145 1099 1193 1124 an
1227 1086 1273 1123 ab
1306 1087 1463 1136 aequali
1487 1087 1655 1136 quodam

165 1156 303 1194 summi
343 1155 448 1192 illius
490 1155 658 1193 oratoris
690 1154 869 1193 confecta
910 1155 976 1203 sit,
1018 1155 1220 1204 permultis
1260 1155 1335 1192 iam
1368 1155 1485 1193 rebus
1516 1158 1584 1192 aut
1617 1159 1659 1193 ut

165 1223 449 1261 condemnetur
489 1226 556 1260 aut
597 1228 639 1260 ut
679 1222 916 1260 defendatur
957 1223 1082 1260 oratio
1124 1222 1287 1271 prolatis
1329 1235 1432 1260 nova
1464 1223 1655 1272 quaedam

167 1299 397 1340 argumenta
439 1303 567 1340 neque
600 1303 645 1328 ea
678 1291 789 1340 parvi
821 1291 1005 1329 momenti
1045 1303 1092 1329 ex
1126 1291 1404 1329 Demosthenis
1435 1291 1658 1330 elocutione

166 1361 389 1397 examinata
421 1372 480 1397 me
512 1359 725 1396 allaturum
759 1371 844 1397 esse
867 1359 1064 1408 putabam.
1124 1358 1199 1397 Sed
1224 1371 1310 1397 cum
1334 1360 1455 1398 totius
1478 1360 1658 1409 syntaxis

167 1428 497 1466 Demosthenicae
544 1428 738 1477 expositio
785 1428 875 1476 plus
915 1428 1048 1466 oneris
1091 1428 1271 1477 haberet,
1316 1440 1430 1477 quam
1470 1433 1512 1466 ut
1552 1429 1658 1466 vires

165 1496 410 1543 sufficerent,
459 1499 609 1545 partem
657 1495 853 1545 quandam
901 1495 951 1533 ad
998 1508 1042 1534 ea
1088 1508 1187 1545 quae
1235 1496 1326 1534 mihi
1375 1508 1656 1545 proposueram

164 1563 391 1613 peragenda
433 1564 671 1613 aptissimam
710 1576 905 1613 quaerens
947 1563 1126 1602 diversas
1169 1564 1378 1602 verborum
1423 1565 1578 1602 dicendi
1621 1569 1660 1603 et

166 1632 408 1677 declarandi,
441 1631 640 1681 cogitandi
674 1635 712 1669 et
744 1632 953 1681 sentiendi,
985 1633 1066 1670 sim.
1091 1634 1406 1671 constructiones
1429 1633 1658 1671 tractandas

165 1700 283 1748 elegi;
325 1699 469 1738 deinde
511 1701 732 1749 peragratis
775 1701 1021 1738 orationibus
1061 1705 1100 1738 et
1140 1713 1231 1738 vere
1265 1701 1580 1739 Demosthenicis
1621 1705 1660 1739 et

164 1767 410 1817 Apollodoro
443 1767 655 1806 vindicatis
677 1768 851 1817 reliquas
873 1769 987 1806 etiam
1022 1769 1060 1806 in
1084 1770 1355 1817 quaestionem
1380 1781 1523 1808 vocare
1544 1769 1658 1807 facile

164 1836 334 1873 animum
367 1835 513 1874 induxi.

280 1914 392 1961 Quae
434 1915 500 1951 tali
544 1914 660 1952 modo
701 1915 851 1964 inveni,
896 1916 933 1952 in
977 1915 1074 1953 duas
1115 1918 1245 1964 partes
1285 1915 1411 1953 divisa
1451 1928 1660 1965 exponam.

166 1982 340 2030 Quarum
384 1983 515 2031 priore
547 1984 800 2032 quaestiones
840 1984 1119 2033 grammaticae
1151 1984 1476 2034 continebuntur,
1518 1985 1659 2034 quibus

169 2051 218 2088 ad
251 2051 407 2099 linguae
441 2051 619 2089 Graecae
651 2051 852 2089 historiam
899 2052 1124 2090 accuratius
1157 2053 1475 2102 cognoscendam
1508 2053 1659 2103 aliquid

166 2119 428 2157 subsidiorum
463 2131 522 2157 me
553 2123 783 2168 paraturum
815 2132 900 2158 esse
933 2133 1062 2169 spero.
1122 2119 1366 2170 Quamquam
1391 2122 1491 2159 enim
1515 2122 1661 2160 multae

165 2191 271 2225 artes
302 2188 581 2236 grammaticae
613 2192 651 2226 et
684 2189 720 2226 in
750 2201 821 2226 suo
844 2201 990 2238 genere
1014 2190 1243 2238 praeclarae
1268 2203 1288 2227 a
1312 2191 1405 2228 viris
1428 2190 1661 2229 doctissimis

167 2256 416 2304 conscriptae
439 2260 541 2301 sunt,
573 2258 703 2293 tamen
728 2256 895 2294 historia
928 2258 995 2294 illa
1019 2258 1177 2305 linguae
1201 2258 1374 2296 Graecae
1396 2259 1445 2297 ab
1469 2259 1660 2304 omnibus,

167 2336 334 2372 quorum
368 2323 416 2361 de
447 2336 493 2361 ea
516 2336 566 2361 se
600 2324 736 2362 melius
768 2324 901 2362 doceri
934 2326 1110 2373 int-erest,
1142 2325 1273 2363 adhuc
1305 2326 1573 2375 desideratur,
1608 2328 1661 2364 ita

167 2396 208 2429 ut
239 2391 462 2441 philologos
495 2397 650 2430 nostros
684 2393 772 2430 huic
803 2405 962 2443 operam
997 2406 1113 2443 quam
1149 2395 1353 2431 maximam
1388 2395 1483 2432 dare
1515 2394 1661 2432 debere

167 2459 239 2496 viri
272 2459 485 2497 doctissimi
521 2471 591 2497 suo
624 2461 707 2497 iure
738 2460 957 2507 dixerint.¹)
1020 2462 1150 2510 Atque
1183 2463 1306 2499 multa
1338 2462 1412 2500 lam
1446 2462 1494 2498 ad
1528 2466 1661 2500 texen—

168 2527 258 2564 dum
292 2527 366 2565 hoc
398 2540 507 2577 opus,
540 2527 644 2577 quod
678 2529 754 2567 tale
787 2529 903 2578 quale
926 2533 1109 2579 optamus
1141 2531 1297 2568 nonnisi
1333 2530 1461 2567 multis
1494 2542 1540 2567 ea
1560 2542 1661 2579 quae

168 2595 215 2632 de
247 2596 488 2644 singularum
522 2602 695 2634 actatum
729 2597 1019 2635 elocutionibus
1052 2599 1289 2636 invenerunt
1320 2598 1662 2636 contribuentibus

285 2738 308 2780 ¹)
348 2737 392 2771 M.
419 2736 568 2779 Senam,
596 2739 708 2773 Beitr.
736 2751 763 2774 z,
792 2740 873 2773 hist.
900 2739 1040 2784 Syntax
1068 2740 1102 2774 d.
1129 2750 1182 2782 gr.
1209 2740 1288 2783 Spr.
1327 2740 1372 2783 ΙΙ,
1393 2743 1419 2774 1.
1447 2740 1558 2784 p.V1.
1607 2739 1663 2774 (tf.

172 2793 397 2837 Bernhardy,
434 2795 712 2838 paralipomena
738 2802 836 2841 synt.
864 2797 924 2829 Gr.
951 2798 1151 2831 (tomment.
1178 2798 1278 2830 acad.
1308 2797 1409 2830 I‘lalis
1440 2800 1532 2830 1⁸02.
1561 2802 1660 2840 p..‘³‚:>¹..

167 2848 199 2882 J.
220 2851 270 2883 La
288 2849 424 2893 Roclw,
451 2850 562 2883 Beitr.
589 2861 617 2883 z.
644 2861 697 2893 gr.
723 2852 784 2886 Gr.
824 2854 911 2895 Lpz.
935 2856 1028 2886 1893.
1057 2864 1090 2896 p.
1108 2852 1171 2885 Ill.

237 2917 315 2941 Dies.
339 2919 411 2949 phil.
433 2919 503 2943 Hal.
524 2918 609 2943 xm.
1374 2924 1388 2954 1
