2084 3342
382 226 434 262 44

496 336 676 385 Denique
719 334 773 373 de
813 335 1020 384 singulis
1067 335 1275 385 optativi
1322 335 1618 384 temporibus
1665 335 1764 374 haec
1807 334 1873 373 ad-

382 405 511 443 denda
542 406 651 442 sunt:

497 476 530 510 1.
572 471 704 522 Optat.
737 483 864 521 praes.
897 471 945 509 ad
979 470 1057 508 ind.
1090 471 1197 521 impf.
1230 471 1421 510 orationis
1459 473 1590 510 rectae
1629 471 1875 521 respondens

381 544 458 578 tam
492 540 724 589 frequenter
755 542 983 589 usurpatur,
1016 542 1057 577 ut
1091 551 1176 577 eum
1211 539 1356 589 ubique
1389 552 1438 577 ex
1471 539 1571 577 falsa
1600 539 1768 588 optativi
1791 551 1875 577 ora—

381 609 498 647 tionis
545 608 729 657 obliquae
776 608 1065 657 propagatione
1111 610 1238 645 ortum
1286 620 1370 646 csse
1414 606 1571 646 Akenio
1603 606 1641 654 (ξ
1671 605 1740 654 98)
1784 618 1875 645 con·

381 675 600 715 cedendum
635 688 713 714 non
747 676 808 713 sit.

496 748 531 783 2.
571 745 664 783 Item
697 745 735 781 in
769 744 943 794 optativo
977 756 1057 781 aor.
1090 744 1277 782 orationis
1309 743 1492 793 obliquae
1524 743 1619 781 nihil
1653 743 1875 782 soloecismi

382 814 511 851 inesse
544 815 673 861 patet;
706 825 793 850 nam
818 824 903 849 cum
929 824 1043 850 nemo
1067 811 1249 849 dubitare
1272 812 1405 861 possit,
1437 812 1529 860 quin
1553 812 1716 860 optativi
1741 811 1875 850 aoristi

381 894 405 919 a
435 880 567 919 verbis
601 880 754 918 dicendi
788 880 849 917 vel
881 879 1079 918 sentiendi
1112 879 1331 929 pendentes
1371 879 1421 916 ad
1453 884 1631 928 tempora
1662 879 1877 929 praeterita

381 948 578 987 referendi
620 949 713 997 sint,
760 948 868 986 nulla
909 947 1089 997 profecto
1132 959 1251 985 causa
1291 950 1393 992 erat,
1440 960 1511 985 cur
1553 959 1575 984 a
1617 947 1877 996 scriptoribus

381 1015 650 1063 vitarentur.¹)
720 1016 901 1055 Ceterum
946 1016 1043 1054 tales
1086 1016 1249 1066 optativi
1296 1028 1374 1054 non
1422 1016 1494 1054 nisi
1541 1015 1877 1065 praecedentibus

382 1085 624 1135 imperfectis
670 1088 708 1123 et
753 1085 927 1132 aoristis,
976 1096 1169 1134 nusquam
1217 1087 1307 1134 post
1353 1096 1543 1134 praesens
1589 1083 1792 1134 praeteriti
1839 1083 1877 1121 vi

382 1153 550 1203 fungens
581 1154 848 1202 reperiuntur.

496 1226 532 1262 3.
564 1220 741 1272 Optativi
774 1221 876 1271 perf.
908 1220 1055 1259 formas
1087 1234 1166 1259 non
1199 1221 1272 1258 nisi
1306 1220 1543 1271 compositas
1574 1217 1754 1266 inveni.'²)

496 1291 647 1341 Agmen
681 1290 838 1328 claudat
870 1290 1115 1328 enumeratio
1148 1301 1284 1327 eorum
1317 1289 1504 1339 locorum,
1537 1288 1600 1327 ubi
1633 1288 1742 1327 verbi
1767 1280 1878 1326 εἶναι

382 1359 531 1398 formae
573 1358 767 1408 quaedam
810 1358 848 1396 in
889 1358 1105 1397 enuntiatis
1145 1358 1394 1407 explicativis
1436 1357 1736 1406 praetermissae
1777 1359 1879 1395 sunt.

384 1423 469 1477 εἰμί
516 1427 788 1477 supplendum
813 1428 886 1464 est:
932 1428 1116 1475 18‚268.,
1169 1418 1207 1462 εἶ
1240 1428 1302 1474 19,
1320 1428 1424 1474 335,
1474 1420 1593 1462 ἐστίν
1631 1427 1666 1471 4,
1685 1427 1748 1464 50.
1789 1413 1884 1474 5,8.'

382 1498 419 1542 8,
437 1499 487 1535 52
507 1513 560 1524 =
583 1498 644 1545 10,
663 1498 725 1534 55.
768 1498 831 1544 10,
851 1498 913 1533 72.
958 1497 1019 1544 19,
1041 1498 1130 1533 157.
1152 1496 1241 1533 194.
1260 1496 1351 1534 300.
1370 1496 1449 1533 336
1469 1493 1537 1532 bis.
1570 1497 1633 1542 20,
1651 1496 1715 1532 24.
1733 1495 1798 1533 62.
1815 1495 1879 1532 98.

383 1565 559 1612 21,120.
598 1565 744 1610 2259.
782 1565 1069 1607 23,114.125.
1108 1564 1281 1610 24,109.
1321 1564 1454 1612 26,16
1473 1562 1543 1600 bis.
1582 1564 1729 1611 29,14.
1761 1563 1826 1610 36,
1844 1563 1880 1600 3.

383 1634 530 1680 45,45.
572 1634 717 1681 54,44.
757 1643 815 1680 pr.
838 1628 937 1678 ⁶233.
979 1633 1046 1679 25,
1064 1633 1099 1669 3.
1139 1633 1262 1680 39,3;
1308 1630 1452 1668 deinde
1484 1630 1533 1668 ad
1566 1629 1761 1668 adiectiva
1792 1641 1879 1668 ver-

382 1700 484 1738 balia
518 1703 580 1749 16,
598 1702 634 1739 9.
675 1703 818 1749 17,14.
859 1702 1005 1744 2244.
1045 1702 1193 1748 23,79.
1232 1701 1365 1748 61,36
1404 1702 1442 1736 et
1480 1699 1528 1736 ad
1560 1698 1780 1737 locutiones
1812 1698 1878 1736 im-

385 1768 631 1817 personales,
677 1780 777 1816 quae
825 1767 1025 1815 dicuntur,
1072 1779 1158 1804 curn
1205 1779 1284 1804 acc.
1317 1778 1347 1804 c.
1378 1765 1447 1804 inf.
1484 1766 1731 1804 coniunctas:
1778 1756 1879 1813 (οὐκ

385 1830 449 1873 ἔνι
494 1838 555 1885 10,
580 1839 614 1874 2.
656 1838 718 1886 18,
746 1839 780 1874 7.
825 1838 890 1884 38,
915 1834 967 1881 9).
1032 1825 1115 1872 οὐκ
1159 1827 1275 1879 εἰκός
1315 1837 1432 1881 52,1.
1497 1826 1597 1871 οἶόν
1637 1845 1684 1872 τε
1726 1836 1788 1884 14,
1816 1836 1879 1873 25.

385 1906 448 1953 27,
468 1906 532 1942 54.
565 1906 713 1953 30,19.
746 1906 810 1952 38,
831 1906 892 1941 10.
932 1898 1106 1940 dimam·
1129 1915 1185 1951 pr.
1209 1905 1326 1952 5e,3.
1359 1892 1529 1953 ἀνάγκη
1555 1905 1617 1952 14,
1635 1904 1700 1941 34.
1735 1903 1798 1952 18,
1815 1904 1879 1941 34.

384 1972 598 2010 Praeterea
639 1966 759 2009 ἐστίν
801 1984 823 2008 a
854 1972 909 2009 Bl.
942 1972 1173 2009 coniectura
1214 1970 1385 2009 deletum
1425 1974 1501 2008 est:
1546 1973 1664 2019 9,21.
1708 1971 1880 2019 19,120.

385 2044 449 2090 212,
468 2043 531 2079 20.
564 2042 712 2089 45,78.
755 2030 887 2089 ἐσμέν·
916 2039 1026 2077 deest
1059 2042 1207 2089 54,44,
1240 2034 1351 2076 εἰσίν
1385 2042 1446 2088 19,
1467 2042 1529 2078 75.
1562 2042 1719 2089 24‚15.,
1760 2032 1880 2076 ἔσται

386 2111 447 2155 16,
467 2111 530 2148 20.
564 2129 616 2133 -
667 2109 848 2158 Denique
884 2110 945 2157 19,
965 2110 1028 2147 70.
1069 2110 1203 2156 23,18
1235 2102 1355 2145 ἐστίν
1388 2112 1426 2145 et
1457 2110 1494 2157 4,
1512 2109 1565 2147 50
1597 2101 1715 2145 ἔσται
1752 2108 1879 2146 omitti

384 2188 546 2215 necesse
578 2180 674 2225 erat,
708 2189 755 2215 ne
789 2176 924 2214 eadem
958 2176 1079 2214 verba
1112 2175 1248 2225 paucis
1280 2175 1395 2214 modo
1423 2176 1669 2225 interpositis
1691 2175 1749 2214 bis
1770 2187 1879 2214 usur-

383 2248 475 2294 pata
508 2244 748 2282 audientium
781 2256 896 2282 aures
928 2243 1259 2282 offenderent.—
1294 2245 1453 2292 18,277
1488 2243 1752 2282 anacoluthon
1785 2243 1880 2292 legi—

383 2316 462 2350 tur:
496 2302 663 2349 zs’cxeae‘v’
686 2297 733 2349 εὖ
767 2301 850 2348 οἶδ’
874 2302 943 2348 ὅτι
975 2304 1059 2361 τὴν
1089 2304 1195 2361 ἐμὴν
1230 2305 1462 2362 όὲινότητα
1494 2332 1549 2336 -
1580 2304 1694 2349 ἔστω
1726 2304 1821 2362 γάρ.

908 2432 931 2485 ξ
964 2439 999 2475 4.
1049 2436 1355 2480 Appendices.

501 2520 534 2555 1.
577 2517 790 2555 Enuntiata
836 2517 1074 2566 explicativa
1122 2520 1159 2555 et
1206 2517 1420 2555 accusativi
1469 2530 1565 2556 cum
1613 2517 1879 2556 infinitivis

385 2586 581 2623 coniuncti
623 2585 739 2623 simul
780 2585 827 2622 ab
866 2585 1004 2623 iisdem
1048 2585 1178 2623 verbis
1222 2585 1415 2634 pendent:
1465 2589 1502 2636 4,
1519 2589 1585 2635 48,
1628 2586 1692 2624 ubi
1725 2585 1880 2624 duobus

383 2654 619 2691 accusativis
652 2666 682 2691 c.
706 2653 771 2691 inf.
795 2666 825 2691 c.
854 2665 973 2691 unum
1008 2654 1256 2692 enuntiatum
1291 2654 1571 2702 explicativum
1602 2654 1878 2704 interpositum

499 2810 527 2849 ¹)
552 2807 604 2842 Cf.
632 2807 796 2851 Madvig,
830 2809 931 2852 Synt.
960 2810 979 2853 ζ
1002 2810 1106 2851 134a3
1146 2808 1245 2842 Rem.
1272 2818 1306 2851 p.
1323 2809 1374 2842 24.
1469 2809 1498 2851 2)
1531 2807 1584 2843 Cf.
1608 2808 1641 2843 J.
1667 2809 1717 2843 La
1742 2807 1879 2853 Roche,

385 2863 493 2901 Beitr.
520 2874 554 2908 p.
574 2867 762 2907 161-172,
789 2865 849 2910 qui
875 2867 994 2898 tamen
1021 2874 1093 2899 non
1119 2864 1238 2898 omnia
1263 2864 1430 2910 exempla
1455 2864 1585 2900 attulit.
