2132 3358
1659 194 1712 231 85

229 316 281 328 =
305 303 475 350 24‚179.
513 304 656 351 45‚19.
689 323 741 327 ——
782 299 1005 350 (Adiectivo
1047 303 1197 341 verbali
1241 304 1480 342 constructio
1526 305 1711 354 imperso-

230 368 330 406 nalis
363 369 578 418 flagitatur:
611 373 713 414 213
744 362 918 422 πολλὴν
951 363 1002 422 δὴ
1033 363 1115 420 τὴν
1135 365 1402 420 μετάστασιν
1424 368 1496 408 καὶ
1517 365 1712 423 μεγάλην

229 431 428 473 δεικτέον
465 437 561 475 (scil.
593 428 746 481 οὖσαν,
790 437 894 486 quod
939 442 1067 476 tamen
1101 439 1278 487 suppleri
1317 451 1477 477 necesse
1509 452 1586 478 non
1619 443 1714 490 est),

229 506 293 552 26,
314 507 362 543 16
394 501 655 554 παροπτέον
688 517 727 542 τι
760 503 829 542 καὶ
863 497 1195 557 παρανομοῦντ’
1217 498 1426 554 aziz-ovo.)

342 575 377 611 2.
411 573 619 622 Par-tieipia
652 573 700 611 ad
734 574 887 612 obiecta
919 575 1125 613 verborum
1159 574 1389 613 declarandi
1421 576 1485 614 vel
1517 575 1713 614 sentiendi

228 639 354 677 relata
385 640 422 677 iu
454 641 681 678 accusativo
714 640 795 679 fere
828 645 1043 692 ponuntur,
1074 642 1258 690 quoniam
1291 643 1480 692 pleraque
1502 643 1568 680 illa
1590 643 1713 681 verba

227 707 461 746 accusativis
508 711 548 746 ut
594 708 756 746 obiectis
801 709 1084 758 adiunguntur.
1150 710 1281 748 Dativi
1328 711 1548 760 iunguntur
1593 711 1712 749 verbo

229 768 426 821 σύνοιδα,
458 777 567 814 euius
599 789 683 814 cum
719 777 927 826 participio
960 778 1158 826 coniugati
1193 777 1267 816 hae
1299 779 1614 817 constructiones
1638 779 1712 817 usi-

228 846 331 881 tatae
355 846 460 881 sunt:
496 846 532 887 1)
555 845 739 882 nominat.
763 847 863 891 (234
886 833 1040 890 αἰετοῖς
1063 841 1261 882 συνίσασι
1284 839 1711 897 δεδό]ροδοκηκότες;

229 913 328 956 29,1
365 905 570 960 συνῄδειν
601 907 835 962 ἐξελέγξας.
860 933 915 937 -
946 910 987 957 2)
1020 912 1098 950 dat.
1131 912 1168 959 a)
1201 926 1375 961 pronom.
1400 914 1530 952 reflex.
1557 916 1712 964 18‚263

229 976 379 1029 σαυτῷ
424 973 623 1028 συνῄδεις
667 969 913 1023 ἀδίκοῦντις
971 983 1029 1027 19,
1054 983 1145 1019 208.
1188 983 1338 1029 21‚80.
1380 983 1528 1026 40‚17.
1569 984 1715 1030 45‚21.

229 1049 375 1095 58‚13.
411 1068 466 1071 —
517 1047 555 1092 b)
597 1049 659 1096 13,
684 1049 734 1085 34
778 1039 999 1092 τοιούτοις
1042 1033 1139 1083 οὖσι
1182 1041 1387 1096 συνῄδειν
1427 1039 1548 1097 ὑμῖν,
1592 1051 1655 1098 21,
1679 1051 1713 1087 2.

229 1117 399 1165 23,159.
439 1117 608 1159 *MA-24.
647 1117 788 1164 33,14.
827 1117 891 1164 49,
910 1117 973 1153 66.
1013 1118 1157 1165 5222
1190 1117 1254 1162 58,
1272 1117 1336 1154 33.
1375 1117 1521 1163 60‚16.
1582 1116 1713 1154 Dativi

228 1195 363 1221 omncs
408 1183 633 1231 significant
678 1195 879 1232 personas.
955 1181 994 1228 3)
1037 1186 1206 1221 accusat.
1242 1186 1302 1228 14,
1320 1185 1374 1221 40
1414 1176 1589 1221 σύνοιδε
1634 1174 1716 1236 τὴν

228 1244 362 1288 πόλιν
394 1242 636 1300 εὐδαίμονα
667 1247 741 1287 καὶ
767 1244 960 1301 μεγάλην
982 1247 1290 1302 γεγευημέυηω
1327 1253 1388 1300 18,
1407 1253 1470 1290 66.
1506 1250 1714 1302 19‚199.²)

229 1321 321 1357 210.
354 1321 500 1364 45,21.
533 1322 595 1365 61,
615 1321 676 1356 23.
712 1319 758 1360 11,
777 1321 845 1359 20;
879 1322 917 1356 et
938 1320 1002 1367 49,
1019 1320 1081 1357 58.
1114 1320 1256 1365 59‚67.
1289 1321 1429 1367 61,23.
1447 1321 1511 1358 49.
1542 1332 1600 1369 pr.
1618 1321 1715 1370 5,3.,

229 1387 291 1425 ubi
336 1379 518 1423 σύνοιδα
559 1387 795 1424 accusativis
838 1398 1029 1434 personas
1073 1386 1261 1436 quasdam
1309 1386 1601 1425 declarantibus
1647 1386 1714 1425 ad—

229 1455 402 1493 iunctum
445 1454 546 1492 idem
591 1454 694 1504 quod
737 1446 927 1504 ἀκριβῶς
969 1446 1068 1491 οἶδα
1105 1454 1311 1503 significat.
1344 1474 1397 1478 —
1443 1455 1501 1492 De
1532 1455 1716 1504 genitivis

230 1535 317 1561 cum
341 1523 472 1561 verbis
506 1513 673 1569 ἀκούω,
706 1515 974 1571 αἰσθάνομαι
997 1523 1078 1560 sim.
1101 1522 1321 1561 coniunctis
1344 1535 1377 1560 v.
1400 1534 1436 1571 p.
1456 1525 1525 1569 753
1557 1523 1714 1572 quibus-

229 1603 316 1629 cum
377 1590 558 1629 conferas
609 1591 805 1639 genitivos
856 1590 1033 1640 particip.
1083 1590 1202 1629 verbo
1255 1586 1483 1640 φροντίζω
1536 1593 1599 1641 19,
1625 1593 1718 1630 224.

229 1659 396 1709 aliisque
427 1659 615 1698 adiectos.

344 1727 556 1777 Participia
596 1727 804 1765 verborum
846 1726 1166 1776 impersonalium
1210 1725 1356 1763 formas
1397 1726 1526 1764 neutri
1559 1727 1717 1776 generis

230 1795 440 1845 accipiunt,
471 1798 514 1833 ut
547 1797 649 1843 57,1
684 1787 948 1845 πειράσομαι
981 1791 1117 1842 δεῖξαι
1149 1787 1285 1843 μετὸν
1306 1791 1383 1843 τῆς
1404 1787 1579 1840 πόλεως
1600 1783 1715 1845 ἡμῖν.

231 1866 283 1902 55
316 1860 415 1907 πῶς
448 1853 501 1899 ἄν
525 1874 589 1908 τις
623 1850 724 1912 ὑμῖν
745 1859 1019 1912 σαφέστερον
1041 1856 1265 1910 ἐπιδείξειε
1288 1854 1424 1911 μετὸν
1446 1859 1521 1913 τῆς
1542 1855 1718 1907 πόλεως

231 1926 367 1981 αὐτῷ.
428 1931 643 1968 Praeterea
685 1931 811 1968 neutri
853 1930 1009 1979 generis
1050 1929 1255 1979 participia
1297 1929 1522 1979 exiguntur,
1565 1929 1628 1968 ubi
1667 1930 1715 1968 ad

230 1999 445 2037 infinitivos
476 1999 537 2036 vel
569 2002 671 2036 totas
704 1997 893 2047 quasdam
927 1998 1219 2036 enuntiationes
1253 1997 1480 2035 referuntur
1501 1997 1564 2044 (cf.
1588 1996 1718 2047 p.87).

345 2066 406 2105 Ad
439 2079 538 2116 quae
572 2079 698 2115 pauca
729 2069 882 2104 tantum
914 2066 1098 2104 addenda
1130 2068 1237 2103 sunt:

348 2138 379 2173 1.
424 2134 462 2173 Si
494 2135 701 2184 participia
732 2134 780 2171 ad
814 2134 969 2172 easdem
1003 2145 1206 2183 personas,
1246 2133 1294 2170 ad
1328 2144 1425 2182 quas
1457 2132 1578 2171 verba
1610 2132 1718 2171 finita

232 2202 460 2241 declarandi
495 2203 556 2240 vel
587 2201 801 2248 sentiendi,
840 2203 1050 2251 pertinent,
1088 2214 1165 2239 non
1199 2200 1313 2239 modo
1347 2201 1575 2239 nominativi
1607 2212 1717 2239 usur-

231 2274 375 2320 pantur
406 2270 469 2317 (cf.
496 2283 536 2320 p.
555 2272 606 2309 83
628 2270 713 2319 sq.),
745 2282 880 2308 verum
914 2271 1027 2307 ctiam
1061 2270 1294 2319 frequenter
1325 2269 1599 2317 pronominum
1631 2281 1718 2318 per-

232 2338 423 2377 sonalium
465 2337 677 2376 accusativi
722 2342 924 2388 ponuntur
965 2337 1014 2375 ad
1056 2349 1201 2386 cosque
1240 2336 1448 2386 participia
1479 2335 1719 2385 referuntur,

232 2410 275 2444 ut
307 2407 343 2444 in
376 2406 565 2456 exemplis
601 2406 638 2444 in
671 2406 743 2444 hac
775 2405 920 2444 tabella
952 2405 1170 2454 descriptis.

349 2551 375 2595 ¹)
401 2549 454 2585 Cf.
481 2553 568 2593 p.Sl
599 2552 697 2584 an.ss.
792 2550 819 2593 ²)
846 2547 896 2583 Cf.
924 2551 1014 2592 οδε)
1041 2558 1093 2581 an,
1117 2550 1163 2581 10.
