2132 3358
1570 193 1618 229 17

338 304 479 352 αἰτίας
510 303 631 355 φέρω
661 298 719 350 ὡς
741 307 804 349 58,
824 308 887 343 22.
918 324 971 329 --
1005 299 1150 340 αἰτίαν
1173 299 1370 351 ἐπιφέρει)
1392 316 1450 347 (υς
1474 306 1538 351 33,
1558 308 1620 341 22.

250 366 470 425 (βάλλω)
504 366 730 421 διαβάλλει)
763 369 822 418 ὡς
855 373 999 421 57,18.

338 439 582 493 βλασφημοῖ
614 437 687 477 καὶ
720 437 836 489 λέγω
867 428 928 484 (ὃς
963 442 1025 488 18,
1041 443 1106 478 82.

249 504 565 561 (γιγνώσκω)
597 500 948 558 καταγιγνώσκω
981 495 1042 551 ὥς
1074 509 1191 555 21,4.
1224 510 1286 550 32,
1306 509 1369 545 22.
1402 509 1518 555 61,5.

248 571 506 628 γράφομαι
541 578 609 624 (Ξ
633 578 792 620 accuso)
826 570 885 620 (ὃς
917 578 980 623 59,
999 577 1062 613 62.

249 642 522 696 κατηγορῶ
554 636 620 681 ὅτι
646 647 710 693 23,
732 646 778 683 13
803 642 1056 694 (κατηγορεῖ
1075 658 1127 671 =
1146 635 1365 692 δεικνύει).
1398 637 1458 686 αἱς
1485 644 1544 687 19,
1561 645 1622 680 75.

138 717 313 763 21,134.

338 777 612 832 κατηγορίαν
652 777 865 829 ποιοῦμαι
906 768 964 823 ὡς
996 782 1059 824 22,
1077 781 1142 818 43.
1182 798 1232 803 —
1275 767 1523 828 κατήγορος
1562 773 1623 827 γί-

408 860 565 899 γνομαι
597 838 666 886 ὅτι
698 847 767 894 (=
784 842 1009 897 ἐξελέγχω)
1042 849 1106 892 45,
1125 850 1187 885 23.
1248 841 1308 890 ιὸς
1339 848 1482 893 24,87.

249 915 429 963 (καλῶ)
461 911 633 967 ἐγκαλῶ
664 905 724 961 ὡς
760 918 903 965 17,19.
936 917 1081 960 38,16.

249 982 544 1036 (μαρτυρῶ)
577 981 902 1034 καταμαρτυρῶ
935 974 1004 1021 ὅτι
1026 985 1090 1028 43,
1108 985 1159 1021 47
1194 981 1262 1029 (Σ
1282 977 1522 1032 ἐξελέγχω).
1567 969 1626 1027 ὡς

137 1057 201 1103 29,
221 1058 254 1094 7.
288 1057 350 1099 57,
367 1057 431 1094 34.
462 1055 525 1100 59,
543 1055 607 1092 49.
626 1055 689 1091 62.

250 1115 455 1168 ὄνειδος
485 1111 937 1171 παρασκευάζεται
969 1108 1029 1164 ὡς
1064 1122 1125 1169 19,
1145 1122 1207 1159 78.

250 1188 395 1239 <poam
427 1179 485 1234 ὡς
520 1192 664 1239 14,25.
725 1189 781 1227 Cf.
812 1182 894 1225 τὸν
925 1180 1070 1236 φόβου
1101 1177 1274 1237 εἷναιρῶ
1305 1176 1366 1232 ὥς
1400 1190 1462 1238 10,
1479 1189 1544 1226 36.

307 1271 462 1319 Reliqui
493 1270 585 1316 loci,
619 1269 760 1319 quibus
793 1269 1000 1307 enuntiata
1031 1266 1078 1305 ab
1112 1256 1181 1305 ὅτι
1213 1267 1275 1305 vel
1308 1255 1368 1313 (ὃς
1398 1267 1628 1316 incipientia

138 1339 186 1377 ad
219 1339 341 1377 verba
373 1338 588 1376 accusandi
621 1338 685 1375 vel
716 1336 905 1375 laudandi
939 1336 1003 1374 vel
1037 1336 1246 1374 affectuum
1278 1334 1526 1385 referuntur,
1564 1335 1628 1373 hic

137 1406 476 1457 praetermittendi
509 1410 613 1453 sunt,
644 1418 731 1443 cum
764 1405 971 1443 enuntiata
1001 1404 1070 1441 illa
1102 1416 1173 1453 pro
1197 1403 1422 1442 causalibus
1445 1403 1628 1442 habenda

137 1476 224 1523 sint,
254 1488 331 1513 non
365 1475 412 1512 ab
444 1475 488 1512 iis
521 1487 622 1523 quae
655 1474 853 1512 nominavi
887 1477 930 1510 ut
959 1485 982 1510 a
1013 1472 1195 1522 genuinis
1228 1473 1361 1510 verbis
1383 1471 1542 1510 dicendi
1565 1471 1628 1510 vel

139 1542 335 1582 sentiendi
366 1541 578 1592 pendeant.

613 1675 661 1724 Β)
701 1674 828 1716 verba
859 1673 1154 1727 impersonalia.

252 1764 358 1807 ἔστι
395 1781 470 1814 τις
503 1759 877 1820 ἀμφισβήτησις
908 1758 967 1814 ὡς
1001 1771 1172 1814 18,131.

251 1832 517 1889 γυώριμόυ
549 1833 693 1875 ἐστιν
724 1828 793 1875 ὅτι
825 1851 881 1887 pr.
907 1841 970 1885 50,
988 1840 1024 1877 3.

253 1898 414 1957 δῆλόν
446 1902 590 1944 ἐστιν
621 1898 685 1945 ὅτι
714 1910 800 1951 1,5.
834 1909 951 1955 2,]9.
983 1909 1021 1955 4,
1038 1908 1103 1945 43.
1135 1908 1172 1954 8,
1191 1909 1301 1945 826.
1326 1909 1464 1951 1727.
1496 1908 1630 1954 18,41.

141 1980 230 2016 313.
251 1978 343 2015 317.
382 1978 440 2023 19,
458 1978 520 2015 33.
541 1978 603 2014 76.
622 1977 713 2014 329.
746 1977 920 2021 21,162.
954 1977 1100 2019 2219.
1135 1976 1284 2023 23,16.
1315 1977 1457 2023 24,66.
1489 1977 1630 2024 30,10.

143 2047 202 2083 18.
237 2047 553 2092 31,3.5.11.12.
587 2046 727 2091 5223.
760 2046 898 2088 5530.
931 2045 1072 2091 56,42.
1105 2045 1246 2088 5849.
1282 2044 1404 2092 ιΙ,14.
1436 2034 1549 2088 ὡς8,
1570 2046 1632 2082 16.

143 2115 202 2151 18.
224 2115 285 2151 10.
318 2114 490 2159 23,163.
532 2105 645 2148 διότι
669 2114 733 2159 58,
750 2114 814 2150 42.
857 2112 928 2148 His
950 2110 1162 2161 adiungam
1186 2123 1254 2149 eos
1276 2111 1383 2149 locos
1405 2111 1468 2149 ubi
1493 2107 1634 2161 δῆλον

140 2172 207 2218 ὅτι
239 2180 416 2218 adverbii
459 2176 717 2229 (‚‚nimirum“,
747 2177 959 2229 „scilicct“)
1001 2191 1166 2217 munere
1197 2179 1391 2229 fungitur3
1433 2192 1456 2217 a
1488 2180 1633 2229 quibus

140 2261 218 2294 eos,
260 2249 324 2286 ubi
368 2249 415 2286 ab
453 2247 671 2302 editoribus
712 2240 922 2298 δηλονότι
963 2248 1152 2296 scriptum
1186 2251 1260 2295 est,
1301 2260 1378 2286 non
1421 2248 1632 2297 separabo:

142 2320 176 2361 ι’),
195 2319 257 2355 25.
292 2318 316 2355 8
347 2318 409 2354 37.
445 2318 505 2357 18,
528 2318 617 2354 124.
639 2317 941 2354 130273291.
959 2312 987 2363 ¹)
1024 2317 1362 2355 19,40.120.191.
1382 2318 1473 2354 240.
1496 2318 1631 2355 2062.

142 2387 205 2427 21,
225 2387 399 2422 55134.
420 2387 512 2423 164.
529 2387 621 2423 200.
656 2387 718 2427 25,
738 2386 801 2422 66.
821 2386 883 2422 69.
903 2386 966 2422 73.
983 2386 1046 2422 77.
1078 2386 1143 2433 27,
1161 2386 1223 2422 55.
1257 2386 1321 2429 29,
1340 2386 1403 2423 33.
1421 2387 1485 2422 47.
1519 2386 1583 2431 31,
1598 2387 1633 2423 9.

142 2455 205 2494 32.
225 2455 287 2490 26.
331 2455 476 2499 39,17.
518 2454 665 2499 41,13.
687 2455 748 2489 15.
774 2454 836 2489 17.
878 2453 942 2496 43,
966 2454 1029 2490 34.
1071 2454 1135 2496 44,
1159 2454 1222 2490 38.
1245 2455 1308 2490 54.
1350 2455 1413 2491 45.
1438 2454 1501 2490 37.
1525 2450 1633 2497 37.2)

142 2522 287 2566 46,1·2.
322 2522 385 2565 55,
403 2523 439 2557 4.
460 2523 520 2557 17.
554 2521 727 2567 59,110.
771 2515 912 2568 δῆλον
933 2507 994 2564 ὠς
1018 2521 1051 2558 7.
1071 2521 1134 2558 33.
1168 2521 1335 2567 23118.
1368 2521 1431 2565 56,
1450 2522 1486 2557 4.
1520 2519 1582 2567 iv,
1599 2521 1634 2557 3.

143 2608 193 2612 -
227 2583 364 2639 δῆλον
398 2584 588 2637 γίγνεται
622 2578 688 2623 ὅτι
724 2589 870 2630 38,14.
902 2588 1049 2635 54,13.
1109 2575 1168 2631 ὡς
1201 2590 1265 2635 23,
1286 2590 1377 2625 162.

345 2646 429 2692 οὐκ
462 2645 631 2705 ἄδηλόν
662 2649 780 2691 ἐστιν
812 2646 880 2691 ὅτι
913 2658 977 2700 20,
1011 2658 1041 2692 1.
1105 2657 1167 2699 30,
1192 2657 1227 2693 6.
1279 2658 1343 2699 45,
1368 2658 1431 2693 61.
1483 2657 1547 2704 55,
1569 2657 1633 2693 26.

414 2725 478 2770 61,
497 2724 560 2761 36.
612 2735 669 2771 pr.
701 2724 767 2770 34,
789 2726 820 2760 1.

260 2833 285 2869 Ι)
312 2830 403 2864 Secl.
430 2829 482 2863 Bl.
579 2834 606 2871 ²)
631 2829 706 2864 Oui.
734 2830 767 2865 S.

214 2900 289 2923 mss.
315 2900 387 2931 phil.
410 2899 479 2923 Hal.
501 2899 585 2923 xm,
1325 2902 1343 2932 2
