2084 3342
346 214 397 250 26

347 325 447 361 lianc
490 324 724 361 locutionem
766 324 982 372 profectam
1027 336 1113 362 esse
1145 328 1258 375 put03
1301 326 1396 375 quid
1428 328 1529 365 enim
1563 328 1719 368 facilius
1751 330 1835 368 fieri

344 391 484 440 potuit,
516 403 631 440 quam
666 396 708 428 ut
738 391 780 440 is,
819 393 883 440 qui
916 404 985 440 per
1018 392 1105 430 illas
1138 394 1167 430 si
1202 406 1279 431 non
1313 405 1449 431 omnes
1481 398 1521 432 at
1553 398 1660 434 certe
1693 398 1837 436 multas

345 459 559 496 orationem
602 462 749 497 rectam
793 460 1025 509 intellegere
1069 466 1344 509 consueverat,
1386 462 1434 500 ab
1475 462 1523 500 iis
1564 463 1615 501 ad
1653 464 1759 503 hunc
1790 465 1838 504 de

345 538 421 575 quo
455 527 606 575 agimus
640 539 750 565 usum
786 527 942 566 dicendi
978 529 1317 577 progrederetur?
1350 532 1584 578 praesertim
1616 544 1704 570 cum
1735 544 1838 570 sum-

345 607 443 631 mam
477 595 581 632 illam
615 595 768 632 dicendi
803 597 1053 634 vivacitatem
1098 600 1219 646 atque
1251 598 1540 647 simplieitatem
1574 611 1620 637 eo
1652 611 1839 650 asseque-

345 666 465 711 retur,
511 675 627 711 quam
676 667 823 712 quanto
871 664 1000 701 studio
1048 664 1187 702 Graeci
1234 667 1520 714 appetivissent
1567 668 1713 716 optime
1758 668 1840 706 Ioh.

346 730 548 777 Classen1)
582 732 775 780 exposuit.
836 732 962 779 Quam
996 733 1362 781 interpretationem
1402 735 1469 783 qui
1501 736 1680 784 accipiet,
1721 737 1840 786 parti-

346 799 443 836 culis
475 788 545 851 314
575 805 613 836 et
644 787 705 844 (ὃς
737 800 850 837 etiam
875 800 939 838 hic
962 800 1197 849 primitivam
1222 813 1356 839 earum
1381 803 1578 841 notionem
1602 816 1730 853 neque
1752 817 1838 842 cum

344 865 591 917 Krueger02)
624 867 790 917 aliisque
822 869 898 905 vim
931 868 993 906 vel
1028 869 1160 918 potius
1182 869 1411 907 inanitatem
1437 882 1569 908 earum
1593 871 1838 920 virgularum

344 935 544 986 attribuet,
577 936 720 984 quibus
752 948 824 974 nos
856 937 1074 975 orationem
1109 940 1253 974 rectam
1290 938 1328 974 in
1361 937 1467 976 libris
1489 939 1665 978 solemus
1687 952 1840 988 ornare,

344 1016 422 1053 quo
455 1003 609 1041 facilius
641 1004 818 1053 legentes
849 1017 872 1042 a
903 1005 1055 1054 reliqua
1078 1007 1305 1044 narratione
1328 1018 1412 1044 eam
1435 1010 1635 1056 separent.
1681 1008 1837 1046 Etenim

344 1073 433 1121 quis
457 1077 526 1122 est,
560 1073 627 1121 qui
651 1073 829 1110 voculam
855 1073 1248 1123 quantulamcunque
1272 1086 1401 1112 coram
1426 1074 1672 1113 auditoribus
1694 1076 1839 1114 dictam

343 1141 457 1179 sicuti
502 1144 633 1179 notam
675 1141 885 1190 legentium
925 1142 1054 1191 gratia
1084 1142 1269 1192 scriptam
1303 1143 1406 1180 omni
1439 1143 1522 1181 fere
1554 1155 1672 1182 sensu
1705 1156 1841 1183 carere

344 1209 415 1247 sibi
447 1208 713 1257 persuadeat?

457 1289 505 1325 II.
535 1287 783 1327 Orationis
815 1289 960 1327 deinde
993 1289 1219 1338 obliquae
1248 1293 1329 1328 tres
1351 1289 1498 1328 formas
1521 1303 1641 1341 supra
1663 1291 1840 1330 distinxi-

344 1369 447 1406 mus,
476 1357 543 1395 sed
577 1362 786 1407 antequam
810 1358 1054 1406 singularum
1077 1358 1258 1408 exempla
1280 1359 1505 1408 afferamus,
1536 1360 1707 1399 breviter
1731 1361 1842 1398 nobis

344 1426 622 1475 disputandum
653 1429 721 1471 est,
755 1438 947 1475 quaenam
972 1429 1150 1474 tempora
1172 1426 1420 1476 principalia,
1451 1439 1643 1476 quaenam
1666 1421 1863 1478 praeter-⁴

344 1496 398 1533 ita
429 1494 609 1532 ducenda
641 1493 764 1540 sint.³)

458 1575 696 1624 Tempora
727 1574 846 1623 igitur
878 1575 1146 1623 praeterita
1178 1586 1205 1612 s.
1230 1575 1480 1625 historica,
1508 1582 1551 1613 ut
1582 1588 1661 1625 quo
1683 1575 1836 1615 facilius

349 1643 571 1682 dissertatio
604 1643 794 1692 procedat
826 1643 874 1680 ab
907 1643 952 1680 iis
984 1642 1136 1680 initium
1170 1642 1370 1693 faciamus,
1402 1644 1500 1682 haec
1532 1647 1637 1682 sunt:

461 1725 498 1769 1)
530 1724 735 1762 indicativi
766 1723 886 1773 impf.,
919 1723 1102 1773 plusqpf.,
1135 1722 1265 1773 aor.⁴),
1296 1736 1423 1773 praes.
1445 1725 1531 1762 hist.

462 1802 503 1850 2)
536 1803 739 1842 indicativi
780 1808 818 1841 et
853 1802 1035 1840 infinitivi
1072 1803 1111 1840 in
1144 1802 1190 1840 iis
1224 1803 1399 1853 periodis
1433 1804 1700 1854 hypotheticis
1732 1816 1844 1843 usur—

347 1874 440 1922 pati,
472 1872 615 1921 quibus
648 1874 677 1910 si
703 1871 798 1921 quid
830 1871 968 1909 fuisset
998 1871 1105 1909 aliud
1139 1871 1338 1921 quoddam
1373 1872 1547 1910 futurum
1579 1872 1700 1910 fuisse
1732 1885 1844 1922 prae-

348 1941 520 1991 dicatur3
568 1942 605 1978 in
650 1941 791 1990 quibus
833 1941 1013 1990 plurimis
1055 1940 1224 1978 aoristus
1262 1940 1322 1988 (ut
1354 1939 1547 1991 21,103),
1588 1954 1667 1980 non
1709 1941 1843 1979 multis

347 2009 619 2059 imperfectum
652 2008 741 2059 (pro
775 2021 865 2058 quo,
897 2009 928 2046 si
962 2009 1254 2046 constructione
1287 2009 1474 2057 poscitur,
1507 2009 1573 2047 inf.
1598 2021 1723 2059 praes.
1755 2009 1844 2047 sub-

348 2078 538 2122 stituitur)
571 2077 792 2125 adhibetur,
824 2081 867 2114 ut
901 2079 962 2122 16,
985 2079 1047 2115 12.
1085 2078 1150 2126 48,
1168 2079 1220 2116 46
1253 2077 1301 2114 al.

463 2233 490 2276 1)
516 2232 829 2277 Beobachtungen
854 2231 944 2266 iiber
968 2232 1040 2266 den
1065 2231 1318 2266 homerischen
1345 2231 1676 2276 Sprachgebrauch‚
1706 2230 1843 2266 Frank-

348 2290 419 2324 furt
445 2290 535 2323 11111.
556 2292 641 2324 1867
669 2290 721 2332 (in
747 2289 978 2333 appendice).
1084 2290 1113 2331 ²)
1140 2291 1285 2331 65‚1‚2.
1388 2289 1416 2332 3)
1443 2288 1495 2323 Cf.
1521 2292 1666 2332 praeter
1690 2288 1843 2323 maiores

348 2350 445 2381 artes
471 2346 740 2389 grammaticas:
774 2347 817 2380 R.
835 2345 1058 2387 Kohlmann,
1084 2345 1138 2380 De
1164 2345 1265 2380 verbi
1291 2345 1418 2380 Graeci
1443 2345 1669 2388 temporibus
1686 2344 1844 2379 :Diss.

349 2403 528 2438 Halenses
554 2403 580 2447 Ι,
608 2406 713 2445 18ῖ3;
752 2403 785 2437 S.
803 2403 831 2437 Ι.
851 2402 1023 2440 Cavallin,
1049 2402 1103 2437 De
1128 2402 1400 2446 Xenophonteo
1426 2406 1632 2446 temporum
1658 2405 1695 2436 et
1718 2402 1843 2437 modo-

349 2471 425 2494 rum
451 2471 518 2494 usu
535 2476 579 2489 z
597 2460 691 2494 Acta
708 2460 813 2495 Univ.
832 2459 945 2493 Lund.
966 2461 1111 2501 1879„So
1123 2474 1130 2500 3
1158 2460 1198 2493 N.
1219 2458 1443 2504 Sjoestrand,
1467 2459 1523 2494 De
1549 2463 1733 2493 oratorum
1750 2458 1844 2492 Atti-

349 2528 471 2551 corum
497 2518 532 2550 in
559 2528 608 2552 or.
628 2517 698 2551 obl.
724 2521 930 2560 temporum
949 2525 985 2550 et
1010 2516 1200 2550 modorum
1219 2526 1297 2558 usu,
1323 2516 1408 2550 ibid.
1429 2517 1586 2556 1889l90.
1680 2516 1708 2560 4)
1733 2515 1843 2550 Dubi-

350 2579 425 2609 tare
456 2574 553 2618 licet,
588 2584 633 2608 an
668 2574 824 2608 aoristus
858 2574 1047 2616 gnomicus
1081 2572 1307 2616 temporibus
1339 2572 1599 2616 principalibus
1630 2572 1753 2616 potius
1783 2571 1844 2606 ad-

350 2631 593 2665 numerandus
627 2631 684 2673 sit,
716 2630 884 2675 quoniam
916 2629 1050 2673 ubique
1084 2629 1213 2664 eodem
1249 2629 1358 2664 modo
1392 2633 1500 2673 atque
1525 2629 1614 2664 haec
1639 2631 1842 2672 usurpatur.

351 2687 460 2722 Cuius
486 2687 609 2721 aoristi
636 2698 744 2721 unum
770 2686 950 2720 eiusmodi
967 2685 1186 2729 exemplum,
1211 2696 1231 2720 a
1248 2697 1320 2730 quo
1339 2686 1566 2720 enuntiatum
1585 2685 1842 2729 explicativum

351 2745 522 2788 pendeat,
550 2748 631 2786 3:3‚1
653 2745 844 2779 invenitur.
882 2743 933 2778 Cf.
954 2745 996 2778 E.
1010 2743 1146 2787 Moller,
1172 2744 1348 2787 Philolog.
1365 2743 1463 2787 VIII,
1491 2746 1575 2778 1853
1601 2754 1634 2786 p.
1649 2745 1842 2784 113-129;

353 2801 527 2845 Francke,
552 2802 672 2836 [seber
697 2802 730 2835 d.
749 2812 869 2845 gnom.
890 2801 974 2834 Aor.
994 2801 1027 2836 d.
1047 2800 1105 2835 Gr.
1123 2817 1165 2829 z
1182 2801 1260 2835 Ber.
1279 2801 1312 2835 d.
1332 2800 1446 2835 sac-hs.
1467 2801 1508 2835 Gr.
1528 2801 1561 2834 d.
1574 2800 1631 2835 W.
1655 2799 1843 2834 Phil.-hist.

355 2858 488 2901 KINI,
518 2862 610 2901 1554,
636 2869 670 2901 p.
685 2861 826 2892 ‹je—oo.
