<?xml version="1.0" encoding="UTF-8"?>
<!DOCTYPE html PUBLIC "-//W3C//DTD XHTML 1.0 Transitional//EN"
    "http://www.w3.org/TR/xhtml1/DTD/xhtml1-transitional.dtd">
<html xmlns="http://www.w3.org/1999/xhtml" xml:lang="en" lang="en">
 <head>
  <title>
</title>
<meta http-equiv="Content-Type" content="text/html;charset=utf-8" />
  <meta name='ocr-system' content='tesseract 3.04.00' />
  <meta name='ocr-capabilities' content='ocr_page ocr_carea ocr_par ocr_line ocrx_word'/>
</head>
<body>
  <div class='ocr_page' id='page_1' title='image "./quaestionesdeelo00kaisuoft_0045.png"; bbox 0 0 2132 3358; ppageno 0'>
   <div class='ocr_carea' id='block_1_1' title="bbox 1699 191 1749 225">
    <p class='ocr_par' dir='ltr' id='par_1_1' title="bbox 1699 191 1749 225">
     <span class='ocr_line' id='line_1_1' title="bbox 1699 191 1749 225; baseline 0.02 -1"><span class='ocrx_word' id='word_1_1' title='bbox 1699 191 1749 225; x_wconf 73' lang='lat'>37</span> 
     </span>
    </p>
   </div>
   <div class='ocr_carea' id='block_1_2' title="bbox 260 302 1757 2743">
    <p class='ocr_par' dir='ltr' id='par_1_2' title="bbox 260 302 1757 1992">
     <span class='ocr_line' id='line_1_2' title="bbox 374 302 1750 354; baseline 0 -13"><span class='ocrx_word' id='word_1_2' title='bbox 374 303 507 353; x_wconf 86' lang='lat' dir='ltr'>Atque</span> <span class='ocrx_word' id='word_1_3' title='bbox 539 303 705 354; x_wconf 91' lang='lat' dir='ltr'>primum</span> <span class='ocrx_word' id='word_1_4' title='bbox 738 302 894 352; x_wconf 81' lang='lat' dir='ltr'>quidem</span> <span class='ocrx_word' id='word_1_5' title='bbox 930 316 1006 342; x_wconf 89' lang='lat' dir='ltr'>non</span> <span class='ocrx_word' id='word_1_6' title='bbox 1032 303 1105 341; x_wconf 87' lang='lat' dir='ltr'>nisi</span> <span class='ocrx_word' id='word_1_7' title='bbox 1127 302 1362 341; x_wconf 83' lang='lat' dir='ltr'>indicativos</span> <span class='ocrx_word' id='word_1_8' title='bbox 1382 303 1526 352; x_wconf 89' lang='lat' dir='ltr'>inveni,</span> <span class='ocrx_word' id='word_1_9' title='bbox 1558 303 1622 341; x_wconf 93' lang='lat' dir='ltr'>ubi</span> <span class='ocrx_word' id='word_1_10' title='bbox 1648 315 1750 352; x_wconf 78' lang='lat' dir='ltr'>quae</span> 
     </span>
     <span class='ocr_line' id='line_1_3' title="bbox 261 371 1751 422; baseline -0.001 -11"><span class='ocrx_word' id='word_1_11' title='bbox 261 372 309 411; x_wconf 87' lang='lat' dir='ltr'>ad</span> <span class='ocrx_word' id='word_1_12' title='bbox 341 373 453 410; x_wconf 85' lang='lat' dir='ltr'>verbi</span> <span class='ocrx_word' id='word_1_13' title='bbox 487 373 662 422; x_wconf 90' lang='lat' dir='ltr'>regentis</span> <span class='ocrx_word' id='word_1_14' title='bbox 695 371 832 411; x_wconf 91' lang='lat' dir='ltr'>eadem</span> <span class='ocrx_word' id='word_1_15' title='bbox 872 371 920 409; x_wconf 88' lang='lat' dir='ltr'>ad</span> <span class='ocrx_word' id='word_1_16' title='bbox 955 372 1123 410; x_wconf 85' lang='lat' dir='ltr'>oratoris</span> <span class='ocrx_word' id='word_1_17' title='bbox 1155 374 1307 421; x_wconf 89' lang='lat' dir='ltr'>tempus</span> <span class='ocrx_word' id='word_1_18' title='bbox 1338 372 1484 410; x_wconf 90' lang='lat' dir='ltr'>valent.</span> <span class='ocrx_word' id='word_1_19' title='bbox 1545 371 1659 419; x_wconf 80' lang='lat' dir='ltr'>Quod</span> <span class='ocrx_word' id='word_1_20' title='bbox 1692 372 1751 410; x_wconf 83' lang='lat' dir='ltr'>fit:</span> 
     </span>
     <span class='ocr_line' id='line_1_4' title="bbox 265 439 1752 490; baseline -0.001 -11"><span class='ocrx_word' id='word_1_21' title='bbox 265 440 302 486; x_wconf 86' lang='lat'>1)</span> <span class='ocrx_word' id='word_1_22' title='bbox 334 441 398 479; x_wconf 92' lang='lat' dir='ltr'>ubi</span> <span class='ocrx_word' id='word_1_23' title='bbox 433 452 648 490; x_wconf 77' lang='lat' dir='ltr'>„praesens</span> <span class='ocrx_word' id='word_1_24' title='bbox 671 443 888 490; x_wconf 87' lang='lat' dir='ltr'>usurpatur</span> <span class='ocrx_word' id='word_1_25' title='bbox 912 440 959 478; x_wconf 88' lang='lat' dir='ltr'>de</span> <span class='ocrx_word' id='word_1_26' title='bbox 983 441 1041 489; x_wconf 86' lang='lat' dir='ltr'>iis,</span> <span class='ocrx_word' id='word_1_27' title='bbox 1072 452 1173 489; x_wconf 88' lang='lat' dir='ltr'>quae</span> <span class='ocrx_word' id='word_1_28' title='bbox 1196 452 1273 478; x_wconf 94' lang='lat' dir='ltr'>non</span> <span class='ocrx_word' id='word_1_29' title='bbox 1296 439 1346 477; x_wconf 89' lang='lat' dir='ltr'>ad</span> <span class='ocrx_word' id='word_1_30' title='bbox 1370 451 1559 488; x_wconf 80' lang='lat' dir='ltr'>praesens</span> <span class='ocrx_word' id='word_1_31' title='bbox 1581 442 1752 478; x_wconf 91' lang='lat' dir='ltr'>tantum-</span> 
     </span>
     <span class='ocr_line' id='line_1_5' title="bbox 263 507 1754 558; baseline 0 -12"><span class='ocrx_word' id='word_1_32' title='bbox 263 508 376 548; x_wconf 87' lang='lat' dir='ltr'>modo</span> <span class='ocrx_word' id='word_1_33' title='bbox 400 512 555 558; x_wconf 88' lang='lat' dir='ltr'>tempus</span> <span class='ocrx_word' id='word_1_34' title='bbox 578 509 816 558; x_wconf 82' lang='lat' dir='ltr'>pertineant,</span> <span class='ocrx_word' id='word_1_35' title='bbox 844 507 912 546; x_wconf 88' lang='lat' dir='ltr'>sed</span> <span class='ocrx_word' id='word_1_36' title='bbox 936 507 985 545; x_wconf 87' lang='lat' dir='ltr'>ad</span> <span class='ocrx_word' id='word_1_37' title='bbox 1008 520 1123 546; x_wconf 90' lang='lat' dir='ltr'>omne</span> <span class='ocrx_word' id='word_1_38' title='bbox 1146 507 1228 545; x_wconf 86' lang='lat' dir='ltr'>fere</span> <span class='ocrx_word' id='word_1_39' title='bbox 1251 510 1405 557; x_wconf 82' lang='lat' dir='ltr'>tempus</span> <span class='ocrx_word' id='word_1_40' title='bbox 1427 507 1564 546; x_wconf 82' lang='lat' dir='ltr'>referri</span> <span class='ocrx_word' id='word_1_41' title='bbox 1589 507 1754 558; x_wconf 80' lang='lat' dir='ltr'>possint,</span> 
     </span>
     <span class='ocr_line' id='line_1_6' title="bbox 263 575 1752 627; baseline 0 -13"><span class='ocrx_word' id='word_1_42' title='bbox 263 588 383 627; x_wconf 91' lang='lat' dir='ltr'>quum</span> <span class='ocrx_word' id='word_1_43' title='bbox 423 577 470 615; x_wconf 89' lang='lat' dir='ltr'>de</span> <span class='ocrx_word' id='word_1_44' title='bbox 508 577 555 615; x_wconf 93' lang='lat' dir='ltr'>iis</span> <span class='ocrx_word' id='word_1_45' title='bbox 587 576 731 614; x_wconf 88' lang='lat' dir='ltr'>mentio</span> <span class='ocrx_word' id='word_1_46' title='bbox 763 575 846 624; x_wconf 84' lang='lat' dir='ltr'>fiat,</span> <span class='ocrx_word' id='word_1_47' title='bbox 890 587 994 625; x_wconf 89' lang='lat' dir='ltr'>quae</span> <span class='ocrx_word' id='word_1_48' title='bbox 1025 575 1208 613; x_wconf 81' lang='lat' dir='ltr'>accidere</span> <span class='ocrx_word' id='word_1_49' title='bbox 1239 575 1384 625; x_wconf 82' lang='lat' dir='ltr'>solent,</span> <span class='ocrx_word' id='word_1_50' title='bbox 1425 576 1487 614; x_wconf 92' lang='lat' dir='ltr'>vel</span> <span class='ocrx_word' id='word_1_51' title='bbox 1521 588 1752 614; x_wconf 84' lang='lat' dir='ltr'>commemo-</span> 
     </span>
     <span class='ocr_line' id='line_1_7' title="bbox 263 643 1751 693; baseline -0.001 -11"><span class='ocrx_word' id='word_1_52' title='bbox 263 647 402 682; x_wconf 81' lang='lat' dir='ltr'><strong>rantur</strong></span> <span class='ocrx_word' id='word_1_53' title='bbox 433 644 556 682; x_wconf 85' lang='lat' dir='ltr'>verba</span> <span class='ocrx_word' id='word_1_54' title='bbox 587 643 795 693; x_wconf 85' lang='lat' dir='ltr'>quaedam,</span> <span class='ocrx_word' id='word_1_55' title='bbox 825 655 927 692; x_wconf 88' lang='lat' dir='ltr'>quae</span> <span class='ocrx_word' id='word_1_56' title='bbox 959 643 997 681; x_wconf 89' lang='lat' dir='ltr'>in</span> <span class='ocrx_word' id='word_1_57' title='bbox 1032 655 1143 681; x_wconf 89' lang='lat' dir='ltr'>usum</span> <span class='ocrx_word' id='word_1_58' title='bbox 1177 643 1478 692; x_wconf 78' lang='lat' dir='ltr'>proverbiorum</span> <span class='ocrx_word' id='word_1_59' title='bbox 1506 646 1575 682; x_wconf 88' lang='lat' dir='ltr'>aut</span> <span class='ocrx_word' id='word_1_60' title='bbox 1596 647 1751 682; x_wconf 87' lang='lat' dir='ltr'>senten-</span> 
     </span>
     <span class='ocr_line' id='line_1_8' title="bbox 263 710 1751 761; baseline -0.001 -11"><span class='ocrx_word' id='word_1_61' title='bbox 263 714 403 750; x_wconf 87' lang='lat' dir='ltr'>tiarum</span> <span class='ocrx_word' id='word_1_62' title='bbox 435 712 500 749; x_wconf 86' lang='lat' dir='ltr'>vel</span> <span class='ocrx_word' id='word_1_63' title='bbox 534 712 707 750; x_wconf 85' lang='lat' dir='ltr'>locorum</span> <span class='ocrx_word' id='word_1_64' title='bbox 732 711 1008 761; x_wconf 83' lang='lat' dir='ltr'>communium,</span> <span class='ocrx_word' id='word_1_65' title='bbox 1039 723 1137 760; x_wconf 87' lang='lat' dir='ltr'>quos</span> <span class='ocrx_word' id='word_1_66' title='bbox 1161 710 1309 760; x_wconf 85' lang='lat' dir='ltr'>dicunt,</span> <span class='ocrx_word' id='word_1_67' title='bbox 1341 711 1466 749; x_wconf 88' lang='lat' dir='ltr'>locum</span> <span class='ocrx_word' id='word_1_68' title='bbox 1490 711 1707 749; x_wconf 87' lang='lat' dir='ltr'>abierunt.“</span> <span class='ocrx_word' id='word_1_69' title='bbox 1727 711 1751 755; x_wconf 91' lang='lat'>¹)</span> 
     </span>
     <span class='ocr_line' id='line_1_9' title="bbox 264 779 1752 828; baseline 0 -10"><span class='ocrx_word' id='word_1_70' title='bbox 264 781 315 818; x_wconf 83' lang='lat' dir='ltr'>Ut</span> <span class='ocrx_word' id='word_1_71' title='bbox 349 782 492 828; x_wconf 82' lang='lat'>15,16.</span> <span class='ocrx_word' id='word_1_72' title='bbox 534 781 595 828; x_wconf 85' lang='lat'>18,</span> <span class='ocrx_word' id='word_1_73' title='bbox 612 781 676 819; x_wconf 84' lang='lat'>87.</span> <span class='ocrx_word' id='word_1_74' title='bbox 695 782 758 819; x_wconf 82' lang='lat'>99.</span> <span class='ocrx_word' id='word_1_75' title='bbox 802 779 1379 828; x_wconf 54' lang='lat' dir='ltr'>19,151.239,244.283bis.</span> <span class='ocrx_word' id='word_1_76' title='bbox 1418 781 1482 828; x_wconf 80' lang='lat'>22,</span> <span class='ocrx_word' id='word_1_77' title='bbox 1500 781 1564 819; x_wconf 86' lang='lat'>30.</span> <span class='ocrx_word' id='word_1_78' title='bbox 1606 783 1670 828; x_wconf 83' lang='lat'>23,</span> <span class='ocrx_word' id='word_1_79' title='bbox 1688 783 1752 820; x_wconf 83' lang='lat'>26.</span> 
     </span>
     <span class='ocr_line' id='line_1_10' title="bbox 262 849 1752 898; baseline -0.001 -11"><span class='ocrx_word' id='word_1_80' title='bbox 262 850 326 887; x_wconf 86' lang='lat'>38.</span> <span class='ocrx_word' id='word_1_81' title='bbox 350 850 442 887; x_wconf 82' lang='lat'>219.</span> <span class='ocrx_word' id='word_1_82' title='bbox 493 850 556 895; x_wconf 82' lang='lat'>24,</span> <span class='ocrx_word' id='word_1_83' title='bbox 581 850 672 887; x_wconf 86' lang='lat'>210.</span> <span class='ocrx_word' id='word_1_84' title='bbox 698 850 790 886; x_wconf 89' lang='grc'><strong>212.</strong></span> <span class='ocrx_word' id='word_1_85' title='bbox 843 850 907 896; x_wconf 89' lang='grc'>25,</span> <span class='ocrx_word' id='word_1_86' title='bbox 933 850 995 886; x_wconf 83' lang='grc'><strong>13.</strong></span> <span class='ocrx_word' id='word_1_87' title='bbox 1047 849 1111 897; x_wconf 84' lang='grc'>59,</span> <span class='ocrx_word' id='word_1_88' title='bbox 1137 849 1199 886; x_wconf 76' lang='grc'>76.</span> <span class='ocrx_word' id='word_1_89' title='bbox 1222 849 1286 886; x_wconf 87' lang='grc'>86.</span> <span class='ocrx_word' id='word_1_90' title='bbox 1338 850 1401 896; x_wconf 89' lang='grc'><strong>61,</strong></span> <span class='ocrx_word' id='word_1_91' title='bbox 1432 850 1499 889; x_wconf 86' lang='grc'><strong>18;</strong></span> <span class='ocrx_word' id='word_1_92' title='bbox 1545 853 1752 898; x_wconf 80' lang='lat' dir='ltr'>praeterea</span> 
     </span>
     <span class='ocr_line' id='line_1_11' title="bbox 266 915 1752 966; baseline 0.001 -12"><span class='ocrx_word' id='word_1_93' title='bbox 266 918 438 962; x_wconf 76' lang='lat'>19,126.</span> <span class='ocrx_word' id='word_1_94' title='bbox 470 919 535 964; x_wconf 84' lang='lat'>44,</span> <span class='ocrx_word' id='word_1_95' title='bbox 555 918 621 965; x_wconf 88' lang='lat'>34,</span> <span class='ocrx_word' id='word_1_96' title='bbox 652 915 700 953; x_wconf 88' lang='lat' dir='ltr'>ef.</span> <span class='ocrx_word' id='word_1_97' title='bbox 723 928 759 965; x_wconf 92' lang='lat' dir='ltr'>p.</span> <span class='ocrx_word' id='word_1_98' title='bbox 777 918 840 955; x_wconf 91' lang='lat'>33.</span> <span class='ocrx_word' id='word_1_99' title='bbox 864 917 927 954; x_wconf 87' lang='lat'>34.</span> <span class='ocrx_word' id='word_1_100' title='bbox 949 935 1003 940; x_wconf 91' lang='lat'><strong>—</strong></span> <span class='ocrx_word' id='word_1_101' title='bbox 1037 915 1190 954; x_wconf 83' lang='lat' dir='ltr'><strong>Deinde</strong></span> <span class='ocrx_word' id='word_1_102' title='bbox 1223 927 1268 953; x_wconf 88' lang='lat' dir='ltr'>ea</span> <span class='ocrx_word' id='word_1_103' title='bbox 1299 915 1376 953; x_wconf 82' lang='lat' dir='ltr'>hue</span> <span class='ocrx_word' id='word_1_104' title='bbox 1407 916 1618 966; x_wconf 78' lang='lat' dir='ltr'>pertinent,</span> <span class='ocrx_word' id='word_1_105' title='bbox 1650 929 1752 966; x_wconf 90' lang='lat' dir='ltr'>quae</span> 
     </span>
     <span class='ocr_line' id='line_1_12' title="bbox 262 984 1752 1033; baseline 0 -10"><span class='ocrx_word' id='word_1_106' title='bbox 262 985 335 1023; x_wconf 88' lang='lat' dir='ltr'>etsi</span> <span class='ocrx_word' id='word_1_107' title='bbox 367 997 444 1022; x_wconf 91' lang='lat' dir='ltr'>non</span> <span class='ocrx_word' id='word_1_108' title='bbox 477 985 654 1023; x_wconf 84' lang='lat' dir='ltr'>locorum</span> <span class='ocrx_word' id='word_1_109' title='bbox 688 985 952 1022; x_wconf 85' lang='lat' dir='ltr'>communium</span> <span class='ocrx_word' id='word_1_110' title='bbox 991 984 1262 1022; x_wconf 83' lang='lat' dir='ltr'>auctoritatem</span> <span class='ocrx_word' id='word_1_111' title='bbox 1306 984 1470 1033; x_wconf 82' lang='lat' dir='ltr'>habent,</span> <span class='ocrx_word' id='word_1_112' title='bbox 1511 988 1640 1023; x_wconf 90' lang='lat' dir='ltr'>tamen</span> <span class='ocrx_word' id='word_1_113' title='bbox 1674 998 1752 1024; x_wconf 91' lang='lat' dir='ltr'>non</span> 
     </span>
     <span class='ocr_line' id='line_1_13' title="bbox 261 1051 1752 1103; baseline 0 -12"><span class='ocrx_word' id='word_1_114' title='bbox 261 1052 385 1091; x_wconf 91' lang='lat' dir='ltr'>solum</span> <span class='ocrx_word' id='word_1_115' title='bbox 419 1051 469 1090; x_wconf 87' lang='lat' dir='ltr'>ad</span> <span class='ocrx_word' id='word_1_116' title='bbox 502 1056 655 1101; x_wconf 91' lang='lat' dir='ltr'>tempus</span> <span class='ocrx_word' id='word_1_117' title='bbox 687 1052 846 1102; x_wconf 84' lang='lat' dir='ltr'>aliquod</span> <span class='ocrx_word' id='word_1_118' title='bbox 880 1052 1155 1101; x_wconf 85' lang='lat' dir='ltr'>praeteritum,</span> <span class='ocrx_word' id='word_1_119' title='bbox 1188 1064 1321 1090; x_wconf 87' lang='lat' dir='ltr'>verum</span> <span class='ocrx_word' id='word_1_120' title='bbox 1354 1052 1470 1090; x_wconf 91' lang='lat' dir='ltr'>etiam</span> <span class='ocrx_word' id='word_1_121' title='bbox 1503 1051 1553 1090; x_wconf 87' lang='lat' dir='ltr'>ad</span> <span class='ocrx_word' id='word_1_122' title='bbox 1584 1052 1642 1103; x_wconf 85' lang='lat' dir='ltr'>id,</span> <span class='ocrx_word' id='word_1_123' title='bbox 1673 1066 1752 1103; x_wconf 88' lang='lat' dir='ltr'>quo</span> 
     </span>
     <span class='ocr_line' id='line_1_14' title="bbox 262 1119 1753 1170; baseline 0.001 -12"><span class='ocrx_word' id='word_1_124' title='bbox 262 1120 311 1158; x_wconf 89' lang='lat' dir='ltr'>de</span> <span class='ocrx_word' id='word_1_125' title='bbox 352 1119 398 1158; x_wconf 90' lang='lat' dir='ltr'>iis</span> <span class='ocrx_word' id='word_1_126' title='bbox 439 1120 584 1158; x_wconf 90' lang='lat' dir='ltr'>mentio</span> <span class='ocrx_word' id='word_1_127' title='bbox 625 1119 686 1169; x_wconf 85' lang='lat' dir='ltr'>fit,</span> <span class='ocrx_word' id='word_1_128' title='bbox 729 1119 939 1158; x_wconf 87' lang='lat' dir='ltr'>referenda</span> <span class='ocrx_word' id='word_1_129' title='bbox 976 1122 1077 1157; x_wconf 88' lang='lat' dir='ltr'>sunt.</span> <span class='ocrx_word' id='word_1_130' title='bbox 1138 1119 1361 1158; x_wconf 84' lang='lat' dir='ltr'>Enuntiatis</span> <span class='ocrx_word' id='word_1_131' title='bbox 1394 1120 1642 1170; x_wconf 85' lang='lat' dir='ltr'>explieativis</span> <span class='ocrx_word' id='word_1_132' title='bbox 1674 1124 1753 1159; x_wconf 89' lang='lat' dir='ltr'>tum</span> 
     </span>
     <span class='ocr_line' id='line_1_15' title="bbox 262 1181 1753 1237; baseline 0.001 -11"><span class='ocrx_word' id='word_1_133' title='bbox 262 1181 421 1237; x_wconf 75' lang='grc' dir='ltr'>ἔδειξα,</span> <span class='ocrx_word' id='word_1_134' title='bbox 462 1183 682 1237; x_wconf 68' lang='grc' dir='ltr'>ἐπέδειξα,</span> <span class='ocrx_word' id='word_1_135' title='bbox 719 1182 897 1236; x_wconf 70' lang='grc' dir='ltr'><em>ἐδίδαξα</em></span> <span class='ocrx_word' id='word_1_136' title='bbox 927 1188 991 1226; x_wconf 90' lang='lat' dir='ltr'>vel</span> <span class='ocrx_word' id='word_1_137' title='bbox 1023 1187 1235 1226; x_wconf 88' lang='lat' dir='ltr'>eorundem</span> <span class='ocrx_word' id='word_1_138' title='bbox 1268 1187 1479 1227; x_wconf 87' lang='lat' dir='ltr'>verborum</span> <span class='ocrx_word' id='word_1_139' title='bbox 1512 1189 1753 1227; x_wconf 30' lang='lat' dir='ltr'>eoniuncvtivi</span> 
     </span>
     <span class='ocr_line' id='line_1_16' title="bbox 262 1251 1753 1306; baseline 0.001 -12"><span class='ocrx_word' id='word_1_140' title='bbox 262 1256 311 1294; x_wconf 91' lang='lat' dir='ltr'>ab</span> <span class='ocrx_word' id='word_1_141' title='bbox 349 1251 422 1293; x_wconf 72' lang='grc' dir='ltr'>ἵνα</span> <span class='ocrx_word' id='word_1_142' title='bbox 460 1255 680 1305; x_wconf 76' lang='lat' dir='ltr'>pendentes</span> <span class='ocrx_word' id='word_1_143' title='bbox 722 1256 955 1306; x_wconf 85' lang='lat' dir='ltr'>plerumque</span> <span class='ocrx_word' id='word_1_144' title='bbox 999 1256 1260 1306; x_wconf 80' lang='lat' dir='ltr'>praecedunt3</span> <span class='ocrx_word' id='word_1_145' title='bbox 1307 1257 1371 1305; x_wconf 82' lang='lat' dir='ltr'>qui</span> <span class='ocrx_word' id='word_1_146' title='bbox 1411 1256 1544 1294; x_wconf 87' lang='lat' dir='ltr'>aoristi</span> <span class='ocrx_word' id='word_1_147' title='bbox 1577 1257 1753 1306; x_wconf 86' lang='lat' dir='ltr'>proxime</span> 
     </span>
     <span class='ocr_line' id='line_1_17' title="bbox 262 1323 1755 1373; baseline 0.001 -11"><span class='ocrx_word' id='word_1_148' title='bbox 262 1324 312 1362; x_wconf 90' lang='lat' dir='ltr'>ad</span> <span class='ocrx_word' id='word_1_149' title='bbox 344 1323 608 1373; x_wconf 80' lang='lat' dir='ltr'>perfectorum</span> <span class='ocrx_word' id='word_1_150' title='bbox 642 1325 840 1362; x_wconf 81' lang='lat' dir='ltr'>notionem</span> <span class='ocrx_word' id='word_1_151' title='bbox 866 1324 1075 1373; x_wconf 76' lang='lat' dir='ltr'>accedunt,</span> <span class='ocrx_word' id='word_1_152' title='bbox 1107 1325 1200 1373; x_wconf 85' lang='lat' dir='ltr'>quin</span> <span class='ocrx_word' id='word_1_153' title='bbox 1223 1325 1339 1362; x_wconf 84' lang='lat' dir='ltr'>etiam</span> <span class='ocrx_word' id='word_1_154' title='bbox 1365 1337 1449 1362; x_wconf 87' lang='lat' dir='ltr'>cum</span> <span class='ocrx_word' id='word_1_155' title='bbox 1473 1324 1532 1363; x_wconf 89' lang='lat' dir='ltr'>his</span> <span class='ocrx_word' id='word_1_156' title='bbox 1555 1325 1755 1364; x_wconf 86' lang='lat' dir='ltr'>alternant</span> 
     </span>
     <span class='ocr_line' id='line_1_18' title="bbox 263 1381 1754 1444; baseline 0.001 -15"><span class='ocrx_word' id='word_1_157' title='bbox 263 1391 327 1440; x_wconf 84' lang='lat' dir='ltr'>(ef.</span> <span class='ocrx_word' id='word_1_158' title='bbox 351 1394 414 1438; x_wconf 75' lang='lat'>33,</span> <span class='ocrx_word' id='word_1_159' title='bbox 434 1395 485 1432; x_wconf 89' lang='lat'>35</span> <span class='ocrx_word' id='word_1_160' title='bbox 520 1383 588 1429; x_wconf 81' lang='grc' dir='ltr'>ὅτι</span> <span class='ocrx_word' id='word_1_161' title='bbox 619 1387 698 1441; x_wconf 80' lang='grc' dir='ltr'>μὲν</span> <span class='ocrx_word' id='word_1_162' title='bbox 730 1383 814 1429; x_wconf 76' lang='grc' dir='ltr'>οὖν</span> <span class='ocrx_word' id='word_1_163' title='bbox 845 1385 932 1442; x_wconf 71' lang='grc' dir='ltr'>ἐγώ</span> <span class='ocrx_word' id='word_1_164' title='bbox 962 1387 1042 1442; x_wconf 77' lang='grc' dir='ltr'>μὲν</span> <span class='ocrx_word' id='word_1_165' title='bbox 1073 1381 1227 1442; x_wconf 74' lang='grc' dir='ltr'><em>ὀρθῶς</em></span> <span class='ocrx_word' id='word_1_166' title='bbox 1259 1382 1338 1444; x_wconf 75' lang='grc' dir='ltr'>τὴν</span> <span class='ocrx_word' id='word_1_167' title='bbox 1359 1386 1659 1444; x_wconf 75' lang='grc' dir='ltr'><em>παραγραφὴν</em></span> <span class='ocrx_word' id='word_1_168' title='bbox 1679 1405 1754 1431; x_wconf 76' lang='grc' dir='ltr'>πε·</span> 
     </span>
     <span class='ocr_line' id='line_1_19' title="bbox 261 1449 1755 1512; baseline 0.001 -15"><span class='ocrx_word' id='word_1_169' title='bbox 261 1456 460 1511; x_wconf 80' lang='grc' dir='ltr'>ποίημαι,</span> <span class='ocrx_word' id='word_1_170' title='bbox 491 1449 777 1510; x_wconf 69' lang='grc' dir='ltr'><em>Ἀπατούριος</em></span> <span class='ocrx_word' id='word_1_171' title='bbox 808 1456 852 1497; x_wconf 62' lang='lat' dir='ltr'>d}</span> <span class='ocrx_word' id='word_1_172' title='bbox 887 1453 940 1497; x_wconf 77' lang='grc' dir='ltr'>τὰ</span> <span class='ocrx_word' id='word_1_173' title='bbox 971 1456 1113 1512; x_wconf 78' lang='grc' dir='ltr'><em>ψευδῆ</em></span> <span class='ocrx_word' id='word_1_174' title='bbox 1146 1455 1378 1511; x_wconf 74' lang='grc' dir='ltr'><em>ἐγκέκληκε</em></span> <span class='ocrx_word' id='word_1_175' title='bbox 1412 1456 1486 1497; x_wconf 83' lang='grc' dir='ltr'>καὶ</span> <span class='ocrx_word' id='word_1_176' title='bbox 1507 1454 1628 1509; x_wconf 83' lang='grc' dir='ltr'><em>παρὰ</em></span> <span class='ocrx_word' id='word_1_177' title='bbox 1650 1454 1755 1506; x_wconf 72' lang='grc' dir='ltr'>τοὺς</span> 
     </span>
     <span class='ocr_line' id='line_1_20' title="bbox 264 1521 1755 1581; baseline 0.001 -15"><span class='ocrx_word' id='word_1_178' title='bbox 264 1521 428 1579; x_wconf 83' lang='grc' dir='ltr'><em>νόμους</em></span> <span class='ocrx_word' id='word_1_179' title='bbox 459 1521 539 1580; x_wconf 75' lang='grc' dir='ltr'>τὴν</span> <span class='ocrx_word' id='word_1_180' title='bbox 573 1525 698 1581; x_wconf 77' lang='grc' dir='ltr'><em>λῆξιν</em></span> <span class='ocrx_word' id='word_1_181' title='bbox 729 1525 981 1579; x_wconf 79' lang='grc' dir='ltr'><em>πεποίηται,</em></span> <span class='ocrx_word' id='word_1_182' title='bbox 1022 1524 1070 1566; x_wconf 79' lang='grc' dir='ltr'>ἐκ</span> <span class='ocrx_word' id='word_1_183' title='bbox 1113 1526 1301 1566; x_wconf 77' lang='grc' dir='ltr'>πολλῶν</span> <span class='ocrx_word' id='word_1_184' title='bbox 1344 1521 1463 1579; x_wconf 82' lang='grc' dir='ltr'><em>οἶμαι</em></span> <span class='ocrx_word' id='word_1_185' title='bbox 1501 1524 1755 1567; x_wconf 75' lang='grc' dir='ltr'><em>ἐπιδεδεῖ-</em></span> 
     </span>
     <span class='ocr_line' id='line_1_21' title="bbox 260 1593 1755 1647; baseline 0.003 -14"><span class='ocrx_word' id='word_1_186' title='bbox 260 1596 385 1647; x_wconf 77' lang='grc' dir='ltr'><em>χθαι</em></span> <span class='ocrx_word' id='word_1_187' title='bbox 416 1593 570 1634; x_wconf 84' lang='grc' dir='ltr'><em>τοῦτο.</em></span> <span class='ocrx_word' id='word_1_188' title='bbox 614 1599 680 1645; x_wconf 87' lang='lat'>40,</span> <span class='ocrx_word' id='word_1_189' title='bbox 699 1599 762 1636; x_wconf 81' lang='lat'>38.</span> <span class='ocrx_word' id='word_1_190' title='bbox 784 1617 838 1622; x_wconf 96' lang='lat'><strong>—</strong></span> <span class='ocrx_word' id='word_1_191' title='bbox 870 1600 933 1643; x_wconf 84' lang='lat'>26,</span> <span class='ocrx_word' id='word_1_192' title='bbox 955 1601 988 1636; x_wconf 93' lang='lat'>1.</span> <span class='ocrx_word' id='word_1_193' title='bbox 1020 1595 1182 1646; x_wconf 88' lang='lat'>40,19).</span> <span class='ocrx_word' id='word_1_194' title='bbox 1228 1597 1335 1645; x_wconf 81' lang='lat' dir='ltr'>Quos</span> <span class='ocrx_word' id='word_1_195' title='bbox 1366 1598 1469 1636; x_wconf 87' lang='lat' dir='ltr'>iuter</span> <span class='ocrx_word' id='word_1_196' title='bbox 1491 1598 1600 1637; x_wconf 86' lang='lat' dir='ltr'>locos</span> <span class='ocrx_word' id='word_1_197' title='bbox 1623 1610 1755 1637; x_wconf 85' lang='lat' dir='ltr'>nume-</span> 
     </span>
     <span class='ocr_line' id='line_1_22' title="bbox 263 1665 1756 1716; baseline 0.001 -13"><span class='ocrx_word' id='word_1_198' title='bbox 263 1665 450 1703; x_wconf 86' lang='lat' dir='ltr'>raverim:</span> <span class='ocrx_word' id='word_1_199' title='bbox 491 1667 634 1715; x_wconf 89' lang='lat'>10,10.</span> <span class='ocrx_word' id='word_1_200' title='bbox 669 1667 731 1711; x_wconf 83' lang='lat'>19,</span> <span class='ocrx_word' id='word_1_201' title='bbox 749 1668 812 1704; x_wconf 83' lang='lat'>26.</span> <span class='ocrx_word' id='word_1_202' title='bbox 852 1667 1026 1715; x_wconf 88' lang='lat'>24,108.</span> <span class='ocrx_word' id='word_1_203' title='bbox 1065 1667 1210 1715; x_wconf 88' lang='lat'>30,31.</span> <span class='ocrx_word' id='word_1_204' title='bbox 1250 1668 1314 1713; x_wconf 85' lang='lat'>35,</span> <span class='ocrx_word' id='word_1_205' title='bbox 1332 1668 1395 1704; x_wconf 80' lang='lat'>54.</span> <span class='ocrx_word' id='word_1_206' title='bbox 1429 1668 1494 1714; x_wconf 87' lang='lat'>36,</span> <span class='ocrx_word' id='word_1_207' title='bbox 1510 1669 1575 1705; x_wconf 85' lang='lat'>42.</span> <span class='ocrx_word' id='word_1_208' title='bbox 1608 1669 1756 1716; x_wconf 82' lang='lat'>37,19.</span> 
     </span>
     <span class='ocr_line' id='line_1_23' title="bbox 264 1733 1756 1785; baseline 0.001 -13"><span class='ocrx_word' id='word_1_209' title='bbox 264 1736 327 1772; x_wconf 84' lang='lat'>21.</span> <span class='ocrx_word' id='word_1_210' title='bbox 368 1735 431 1781; x_wconf 86' lang='lat'>50,</span> <span class='ocrx_word' id='word_1_211' title='bbox 451 1736 515 1773; x_wconf 86' lang='lat'>57.</span> <span class='ocrx_word' id='word_1_212' title='bbox 545 1754 600 1758; x_wconf 94' lang='lat'>—</span> <span class='ocrx_word' id='word_1_213' title='bbox 632 1734 721 1772; x_wconf 89' lang='lat' dir='ltr'>Duo</span> <span class='ocrx_word' id='word_1_214' title='bbox 753 1734 923 1784; x_wconf 89' lang='lat' dir='ltr'>denique</span> <span class='ocrx_word' id='word_1_215' title='bbox 955 1735 1158 1772; x_wconf 88' lang='lat' dir='ltr'>enuntiata</span> <span class='ocrx_word' id='word_1_216' title='bbox 1189 1733 1373 1773; x_wconf 85' lang='lat' dir='ltr'>addenda</span> <span class='ocrx_word' id='word_1_217' title='bbox 1404 1738 1506 1785; x_wconf 91' lang='lat' dir='ltr'>sunt,</span> <span class='ocrx_word' id='word_1_218' title='bbox 1542 1735 1580 1773; x_wconf 92' lang='lat' dir='ltr'>in</span> <span class='ocrx_word' id='word_1_219' title='bbox 1613 1735 1756 1784; x_wconf 80' lang='lat' dir='ltr'>quibus</span> 
     </span>
     <span class='ocr_line' id='line_1_24' title="bbox 262 1802 1755 1853; baseline 0.001 -13"><span class='ocrx_word' id='word_1_220' title='bbox 262 1802 498 1841; x_wconf 81' lang='lat' dir='ltr'>indicativos</span> <span class='ocrx_word' id='word_1_221' title='bbox 530 1803 719 1842; x_wconf 87' lang='lat' dir='ltr'>orationis</span> <span class='ocrx_word' id='word_1_222' title='bbox 751 1806 884 1842; x_wconf 83' lang='lat' dir='ltr'>rectae</span> <span class='ocrx_word' id='word_1_223' title='bbox 916 1804 1066 1841; x_wconf 87' lang='lat' dir='ltr'>servari</span> <span class='ocrx_word' id='word_1_224' title='bbox 1099 1815 1262 1842; x_wconf 87' lang='lat' dir='ltr'>neeesse</span> <span class='ocrx_word' id='word_1_225' title='bbox 1294 1802 1379 1853; x_wconf 92' lang='lat' dir='ltr'>fuit,</span> <span class='ocrx_word' id='word_1_226' title='bbox 1415 1815 1464 1842; x_wconf 91' lang='lat' dir='ltr'>ne</span> <span class='ocrx_word' id='word_1_227' title='bbox 1495 1816 1637 1842; x_wconf 90' lang='lat' dir='ltr'>sensus</span> <span class='ocrx_word' id='word_1_228' title='bbox 1668 1817 1755 1842; x_wconf 85' lang='lat' dir='ltr'>ver-</span> 
     </span>
     <span class='ocr_line' id='line_1_25' title="bbox 263 1863 1756 1923; baseline 0.001 -15"><span class='ocrx_word' id='word_1_229' title='bbox 263 1870 403 1909; x_wconf 86' lang='lat' dir='ltr'>borum</span> <span class='ocrx_word' id='word_1_230' title='bbox 435 1871 719 1909; x_wconf 80' lang='lat' dir='ltr'>obscuraretur</span> <span class='ocrx_word' id='word_1_231' title='bbox 751 1874 820 1910; x_wconf 80' lang='lat' dir='ltr'>aut</span> <span class='ocrx_word' id='word_1_232' title='bbox 852 1872 1142 1910; x_wconf 82' lang='lat' dir='ltr'>immutaretur:</span> <span class='ocrx_word' id='word_1_233' title='bbox 1178 1874 1279 1921; x_wconf 74' lang='lat' dir='ltr'>15,ss</span> <span class='ocrx_word' id='word_1_234' title='bbox 1312 1863 1432 1921; x_wconf 81' lang='grc' dir='ltr'><em>οἶμαι</em></span> <span class='ocrx_word' id='word_1_235' title='bbox 1455 1867 1501 1909; x_wconf 81' lang='grc' dir='ltr'>δὲ</span> <span class='ocrx_word' id='word_1_236' title='bbox 1524 1868 1597 1909; x_wconf 83' lang='grc' dir='ltr'>καὶ</span> <span class='ocrx_word' id='word_1_237' title='bbox 1618 1863 1756 1923; x_wconf 82' lang='grc' dir='ltr'><em>μόνος</em></span> 
     </span>
     <span class='ocr_line' id='line_1_26' title="bbox 264 1929 1757 1992; baseline 0.002 -17"><span class='ocrx_word' id='word_1_238' title='bbox 264 1929 290 1990; x_wconf 70' lang='grc' dir='ltr'><em>ἢ</em></span> <span class='ocrx_word' id='word_1_239' title='bbox 321 1931 527 1988; x_wconf 73' lang='grc' dir='ltr'><em>δεύτερος</em></span> <span class='ocrx_word' id='word_1_240' title='bbox 559 1933 713 1985; x_wconf 73' lang='grc' dir='ltr'>εἰπεῖν,</span> <span class='ocrx_word' id='word_1_241' title='bbox 745 1930 813 1976; x_wconf 83' lang='grc' dir='ltr'>ὅτι</span> <span class='ocrx_word' id='word_1_242' title='bbox 843 1950 915 1989; x_wconf 86' lang='grc' dir='ltr'>μοι</span> <span class='ocrx_word' id='word_1_243' title='bbox 948 1943 1201 1990; x_wconf 61' lang='grc' dir='ltr'><em>σωφρονεῖν</em></span> <span class='ocrx_word' id='word_1_244' title='bbox 1230 1930 1286 1977; x_wconf 76' lang='grc' dir='ltr'>ἂν</span> <span class='ocrx_word' id='word_1_245' title='bbox 1318 1936 1502 1987; x_wconf 70' lang='grc' dir='ltr'>δοκεῖτε,</span> <span class='ocrx_word' id='word_1_246' title='bbox 1533 1935 1571 1977; x_wconf 81' lang='grc' dir='ltr'>εἰ</span> <span class='ocrx_word' id='word_1_247' title='bbox 1698 1934 1757 1992; x_wconf 82' lang='grc' dir='ltr'>μὴ</span> 
     </span>
    </p>

    <p class='ocr_par' dir='ltr' id='par_1_3' title="bbox 264 2000 1755 2329">
     <span class='ocr_line' id='line_1_27' title="bbox 326 2000 1755 2057; baseline 0.002 -14"><span class='ocrx_word' id='word_1_248' title='bbox 326 2035 333 2043; x_wconf 92' lang='grc'><strong>.</strong></span> <span class='ocrx_word' id='word_1_249' title='bbox 366 2005 573 2044; x_wconf 69' lang='grc' dir='ltr'><em>ποιοῖσθε</em></span> <span class='ocrx_word' id='word_1_250' title='bbox 606 2000 694 2045; x_wconf 75' lang='grc' dir='ltr'>κτὲ.</span> <span class='ocrx_word' id='word_1_251' title='bbox 739 2010 899 2054; x_wconf 79' lang='grc'><strong>23,117</strong></span> <span class='ocrx_word' id='word_1_252' title='bbox 934 2004 1003 2045; x_wconf 83' lang='grc' dir='ltr'>καὶ</span> <span class='ocrx_word' id='word_1_253' title='bbox 1038 2000 1120 2057; x_wconf 79' lang='grc' dir='ltr'>γὰρ</span> <span class='ocrx_word' id='word_1_254' title='bbox 1153 2001 1327 2045; x_wconf 67' lang='grc' dir='ltr'>ἐκεῖνόν</span> <span class='ocrx_word' id='word_1_255' title='bbox 1349 2015 1514 2056; x_wconf 83' lang='grc' dir='ltr'><em>φασιν.</em></span> <span class='ocrx_word' id='word_1_256' title='bbox 1541 2038 1547 2045; x_wconf 97' lang='grc'><strong>.</strong></span> <span class='ocrx_word' id='word_1_257' title='bbox 1574 2039 1580 2045; x_wconf 91' lang='grc'><em>,</em></span> <span class='ocrx_word' id='word_1_258' title='bbox 1615 2003 1755 2046; x_wconf 69' lang='grc' dir='ltr'><em>εἰπεῖν</em></span> 
     </span>
     <span class='ocr_line' id='line_1_28' title="bbox 264 2066 1754 2126; baseline 0.003 -15"><span class='ocrx_word' id='word_1_259' title='bbox 264 2066 333 2112; x_wconf 76' lang='grc' dir='ltr'>ὅτι</span> <span class='ocrx_word' id='word_1_260' title='bbox 365 2070 516 2112; x_wconf 82' lang='grc' dir='ltr'><em>πίστιν</em></span> <span class='ocrx_word' id='word_1_261' title='bbox 548 2066 604 2112; x_wconf 79' lang='grc' dir='ltr'>ἂν</span> <span class='ocrx_word' id='word_1_262' title='bbox 634 2071 774 2113; x_wconf 66' lang='grc' dir='ltr'><em>οἴεται</em></span> <span class='ocrx_word' id='word_1_263' title='bbox 817 2072 1025 2126; x_wconf 70' lang='grc' dir='ltr'>γενέσθαι</span> <span class='ocrx_word' id='word_1_264' title='bbox 1065 2069 1209 2126; x_wconf 84' lang='grc' dir='ltr'><em>μόνην</em></span> <span class='ocrx_word' id='word_1_265' title='bbox 1247 2071 1283 2113; x_wconf 82' lang='grc' dir='ltr'>εἰ</span> <span class='ocrx_word' id='word_1_266' title='bbox 1321 2072 1509 2124; x_wconf 75' lang='grc' dir='ltr'><em>δείξειαν</em></span> <span class='ocrx_word' id='word_1_267' title='bbox 1546 2069 1648 2123; x_wconf 70' lang='grc' dir='ltr'>κτέ.,</span> <span class='ocrx_word' id='word_1_268' title='bbox 1690 2077 1754 2115; x_wconf 91' lang='lat' dir='ltr'>ubi</span> 
     </span>
     <span class='ocr_line' id='line_1_29' title="bbox 266 2143 1754 2194; baseline 0.001 -12"><span class='ocrx_word' id='word_1_269' title='bbox 266 2143 432 2193; x_wconf 86' lang='lat' dir='ltr'>optativi</span> <span class='ocrx_word' id='word_1_270' title='bbox 464 2144 493 2182; x_wconf 86' lang='lat' dir='ltr'>si</span> <span class='ocrx_word' id='word_1_271' title='bbox 528 2143 621 2182; x_wconf 87' lang='lat' dir='ltr'>dieti</span> <span class='ocrx_word' id='word_1_272' title='bbox 655 2148 788 2182; x_wconf 82' lang='lat' dir='ltr'>essent</span> <span class='ocrx_word' id='word_1_273' title='bbox 821 2145 937 2183; x_wconf 85' lang='lat' dir='ltr'>facile</span> <span class='ocrx_word' id='word_1_274' title='bbox 970 2144 1053 2183; x_wconf 87' lang='lat' dir='ltr'>fieri</span> <span class='ocrx_word' id='word_1_275' title='bbox 1085 2144 1225 2194; x_wconf 87' lang='lat' dir='ltr'>potuit,</span> <span class='ocrx_word' id='word_1_276' title='bbox 1269 2147 1310 2182; x_wconf 88' lang='lat' dir='ltr'>ut</span> <span class='ocrx_word' id='word_1_277' title='bbox 1341 2144 1389 2182; x_wconf 90' lang='lat' dir='ltr'>ab</span> <span class='ocrx_word' id='word_1_278' title='bbox 1421 2144 1644 2183; x_wconf 85' lang='lat' dir='ltr'>hominibus</span> <span class='ocrx_word' id='word_1_279' title='bbox 1675 2157 1754 2183; x_wconf 91' lang='lat' dir='ltr'>non</span> 
     </span>
     <span class='ocr_line' id='line_1_30' title="bbox 265 2203 1755 2262; baseline 0.001 -12"><span class='ocrx_word' id='word_1_280' title='bbox 265 2215 413 2250; x_wconf 85' lang='lat' dir='ltr'>attente</span> <span class='ocrx_word' id='word_1_281' title='bbox 455 2211 707 2251; x_wconf 81' lang='lat' dir='ltr'>audientibus</span> <span class='ocrx_word' id='word_1_282' title='bbox 748 2214 862 2251; x_wconf 88' lang='lat' dir='ltr'>etiam</span> <span class='ocrx_word' id='word_1_283' title='bbox 906 2225 994 2251; x_wconf 84' lang='lat' dir='ltr'>eum</span> <span class='ocrx_word' id='word_1_284' title='bbox 1036 2212 1230 2262; x_wconf 81' lang='lat' dir='ltr'>particula</span> <span class='ocrx_word' id='word_1_285' title='bbox 1271 2203 1327 2249; x_wconf 63' lang='grc' dir='ltr'>ἦν</span> <span class='ocrx_word' id='word_1_286' title='bbox 1367 2213 1634 2261; x_wconf 84' lang='lat' dir='ltr'>iungerentur,</span> <span class='ocrx_word' id='word_1_287' title='bbox 1677 2226 1755 2262; x_wconf 83' lang='lat' dir='ltr'>quo</span> 
     </span>
     <span class='ocr_line' id='line_1_31' title="bbox 264 2282 867 2329; baseline 0.002 -11"><span class='ocrx_word' id='word_1_288' title='bbox 264 2292 402 2318; x_wconf 89' lang='lat' dir='ltr'>sensus</span> <span class='ocrx_word' id='word_1_289' title='bbox 432 2292 645 2329; x_wconf 84' lang='lat' dir='ltr'>perversus</span> <span class='ocrx_word' id='word_1_290' title='bbox 677 2282 867 2320; x_wconf 88' lang='lat' dir='ltr'>eveniret.</span> 
     </span>
    </p>

    <p class='ocr_par' dir='ltr' id='par_1_4' title="bbox 265 2349 1755 2535">
     <span class='ocr_line' id='line_1_32' title="bbox 377 2349 1755 2401; baseline 0.002 -15"><span class='ocrx_word' id='word_1_291' title='bbox 377 2349 566 2398; x_wconf 85' lang='lat' dir='ltr'>Reliquos</span> <span class='ocrx_word' id='word_1_292' title='bbox 605 2349 841 2388; x_wconf 83' lang='lat' dir='ltr'>indicativos</span> <span class='ocrx_word' id='word_1_293' title='bbox 882 2350 920 2388; x_wconf 93' lang='lat' dir='ltr'>in</span> <span class='ocrx_word' id='word_1_294' title='bbox 962 2350 1141 2389; x_wconf 87' lang='lat' dir='ltr'>tabulal</span> <span class='ocrx_word' id='word_1_295' title='bbox 1179 2349 1401 2399; x_wconf 84' lang='lat' dir='ltr'>descriptos</span> <span class='ocrx_word' id='word_1_296' title='bbox 1439 2362 1544 2388; x_wconf 85' lang='lat' dir='ltr'>nune</span> <span class='ocrx_word' id='word_1_297' title='bbox 1583 2354 1755 2401; x_wconf 85' lang='lat' dir='ltr'>praeter-</span> 
     </span>
     <span class='ocr_line' id='line_1_33' title="bbox 266 2416 1754 2468; baseline 0.001 -14"><span class='ocrx_word' id='word_1_298' title='bbox 266 2416 471 2465; x_wconf 85' lang='lat' dir='ltr'>mittamus,</span> <span class='ocrx_word' id='word_1_299' title='bbox 513 2417 645 2466; x_wconf 76' lang='lat' dir='ltr'>quoad</span> <span class='ocrx_word' id='word_1_300' title='bbox 686 2417 735 2456; x_wconf 89' lang='lat' dir='ltr'>de</span> <span class='ocrx_word' id='word_1_301' title='bbox 775 2418 1000 2457; x_wconf 81' lang='lat' dir='ltr'>indicativis</span> <span class='ocrx_word' id='word_1_302' title='bbox 1042 2418 1265 2468; x_wconf 86' lang='lat' dir='ltr'>praeteritis</span> <span class='ocrx_word' id='word_1_303' title='bbox 1296 2418 1389 2461; x_wconf 88' lang='lat' dir='ltr'>(tab.</span> <span class='ocrx_word' id='word_1_304' title='bbox 1412 2418 1463 2465; x_wconf 85' lang='lat'>11)</span> <span class='ocrx_word' id='word_1_305' title='bbox 1496 2421 1534 2457; x_wconf 86' lang='lat' dir='ltr'>et</span> <span class='ocrx_word' id='word_1_306' title='bbox 1564 2417 1612 2457; x_wconf 89' lang='lat' dir='ltr'>de</span> <span class='ocrx_word' id='word_1_307' title='bbox 1644 2421 1754 2468; x_wconf 89' lang='lat' dir='ltr'>opta·</span> 
     </span>
     <span class='ocr_line' id='line_1_34' title="bbox 265 2485 1358 2535; baseline 0.003 -13"><span class='ocrx_word' id='word_1_308' title='bbox 265 2485 356 2523; x_wconf 87' lang='lat' dir='ltr'>tivis</span> <span class='ocrx_word' id='word_1_309' title='bbox 389 2485 578 2523; x_wconf 88' lang='lat' dir='ltr'>orationis</span> <span class='ocrx_word' id='word_1_310' title='bbox 611 2485 793 2535; x_wconf 79' lang='lat' dir='ltr'>obliquae</span> <span class='ocrx_word' id='word_1_311' title='bbox 826 2486 920 2529; x_wconf 83' lang='lat' dir='ltr'>(tab.</span> <span class='ocrx_word' id='word_1_312' title='bbox 943 2487 1012 2529; x_wconf 88' lang='grc' dir='ltr'>ΙΙΙ)</span> <span class='ocrx_word' id='word_1_313' title='bbox 1046 2487 1358 2526; x_wconf 79' lang='lat' dir='ltr'>disseruerimus.</span> 
     </span>
    </p>

    <p class='ocr_par' dir='ltr' id='par_1_5' title="bbox 265 2552 1757 2743">
     <span class='ocr_line' id='line_1_35' title="bbox 381 2552 1755 2605; baseline 0.002 -15"><span class='ocrx_word' id='word_1_314' title='bbox 381 2552 586 2591; x_wconf 83' lang='lat' dir='ltr'>Iudicat-ivi</span> <span class='ocrx_word' id='word_1_315' title='bbox 619 2555 737 2603; x_wconf 86' lang='lat' dir='ltr'>igitur</span> <span class='ocrx_word' id='word_1_316' title='bbox 759 2556 962 2604; x_wconf 80' lang='lat' dir='ltr'>praeteriti</span> <span class='ocrx_word' id='word_1_317' title='bbox 986 2556 1174 2594; x_wconf 84' lang='lat' dir='ltr'>orationis</span> <span class='ocrx_word' id='word_1_318' title='bbox 1196 2556 1395 2605; x_wconf 82' lang='lat' dir='ltr'>obliquae,</span> <span class='ocrx_word' id='word_1_319' title='bbox 1424 2555 1566 2604; x_wconf 81' lang='lat' dir='ltr'>quibus</span> <span class='ocrx_word' id='word_1_320' title='bbox 1587 2567 1633 2594; x_wconf 86' lang='lat' dir='ltr'>ea</span> <span class='ocrx_word' id='word_1_321' title='bbox 1654 2567 1755 2604; x_wconf 83' lang='lat' dir='ltr'>quae</span> 
     </span>
     <span class='ocr_line' id='line_1_36' title="bbox 265 2621 1757 2674; baseline 0.001 -14"><span class='ocrx_word' id='word_1_322' title='bbox 265 2621 478 2660; x_wconf 81' lang='lat' dir='ltr'>enuntiatis</span> <span class='ocrx_word' id='word_1_323' title='bbox 510 2623 758 2673; x_wconf 78' lang='lat' dir='ltr'>expiieativis</span> <span class='ocrx_word' id='word_1_324' title='bbox 791 2625 1046 2663; x_wconf 87' lang='lat' dir='ltr'>continentur</span> <span class='ocrx_word' id='word_1_325' title='bbox 1077 2624 1126 2663; x_wconf 87' lang='lat' dir='ltr'>ad</span> <span class='ocrx_word' id='word_1_326' title='bbox 1159 2625 1324 2663; x_wconf 87' lang='lat' dir='ltr'>oratoris</span> <span class='ocrx_word' id='word_1_327' title='bbox 1345 2627 1497 2674; x_wconf 90' lang='lat' dir='ltr'>tempus</span> <span class='ocrx_word' id='word_1_328' title='bbox 1519 2623 1757 2673; x_wconf 87' lang='lat' dir='ltr'>referuntur,</span> 
     </span>
     <span class='ocr_line' id='line_1_37' title="bbox 266 2689 1754 2743; baseline 0.002 -16"><span class='ocrx_word' id='word_1_329' title='bbox 266 2689 314 2728; x_wconf 85' lang='lat' dir='ltr'>de</span> <span class='ocrx_word' id='word_1_330' title='bbox 344 2690 390 2728; x_wconf 90' lang='lat' dir='ltr'>iis</span> <span class='ocrx_word' id='word_1_331' title='bbox 423 2692 635 2741; x_wconf 86' lang='lat' dir='ltr'>praecipue</span> <span class='ocrx_word' id='word_1_332' title='bbox 659 2696 909 2742; x_wconf 81' lang='lat' dir='ltr'>usurpantur,</span> <span class='ocrx_word' id='word_1_333' title='bbox 942 2705 1053 2743; x_wconf 84' lang='lat' dir='ltr'>quae,</span> <span class='ocrx_word' id='word_1_334' title='bbox 1085 2705 1172 2732; x_wconf 87' lang='lat' dir='ltr'>eum</span> <span class='ocrx_word' id='word_1_335' title='bbox 1197 2705 1238 2731; x_wconf 89' lang='lat' dir='ltr'>re</span> <span class='ocrx_word' id='word_1_336' title='bbox 1260 2705 1357 2732; x_wconf 89' lang='lat' dir='ltr'>vera</span> <span class='ocrx_word' id='word_1_337' title='bbox 1379 2692 1481 2731; x_wconf 85' lang='lat' dir='ltr'>faeta</span> <span class='ocrx_word' id='word_1_338' title='bbox 1502 2692 1592 2741; x_wconf 90' lang='lat' dir='ltr'>sint,</span> <span class='ocrx_word' id='word_1_339' title='bbox 1623 2705 1754 2742; x_wconf 85' lang='lat' dir='ltr'>quam-</span> 
     </span>
    </p>
   </div>
   <div class='ocr_carea' id='block_1_3' title="bbox 383 2833 818 2880">
    <p class='ocr_par' dir='ltr' id='par_1_6' title="bbox 383 2833 818 2880">
     <span class='ocr_line' id='line_1_38' title="bbox 383 2833 818 2880; baseline 0.002 -10"><span class='ocrx_word' id='word_1_340' title='bbox 383 2835 410 2879; x_wconf 89' lang='lat'>¹)</span> <span class='ocrx_word' id='word_1_341' title='bbox 436 2833 596 2870; x_wconf 84' lang='lat' dir='ltr'>Cavaliin</span> <span class='ocrx_word' id='word_1_342' title='bbox 621 2834 642 2870; x_wconf 92' lang='grc'><strong>1,</strong></span> <span class='ocrx_word' id='word_1_343' title='bbox 661 2846 691 2870; x_wconf 86' lang='lat' dir='ltr'>e.</span> <span class='ocrx_word' id='word_1_344' title='bbox 717 2846 751 2880; x_wconf 86' lang='lat' dir='ltr'>p.</span> <span class='ocrx_word' id='word_1_345' title='bbox 767 2838 818 2871; x_wconf 77' lang='lat'>20.</span> 
     </span>
    </p>
   </div>
  </div>
 </body>
</html>
