2132 3358
752 643 912 715 Pars
963 642 1190 714 altera.

331 765 410 808 De
449 761 778 808 elocutionis
816 760 1145 805 differentiis
1183 759 1328 803 inter
1365 757 1608 810 singulas

572 840 850 885 orationes
887 838 1371 884 intercedentibus.

273 943 615 991 (Quaestiones
661 941 715 979 ad
762 941 994 991 genuinas
1039 939 1377 978 Demosthenis
1423 936 1666 976 orationes

518 1023 540 1048 a
586 1010 724 1048 falsis
775 1008 1070 1058 separandas
1120 1005 1423 1057 spectantes.)

341 1100 533 1147 Quoniam
568 1101 605 1138 in
638 1099 770 1150 priore
803 1099 1089 1137 dissertationis
1128 1101 1238 1148 parte
1276 1097 1324 1135 dc
1356 1096 1594 1134 Graecorum
1628 1106 1713 1131 ora-

230 1170 336 1208 tione
370 1169 532 1217 obliqua
564 1181 666 1218 quae
699 1167 891 1205 habebam
925 1167 1099 1215 exposui,
1133 1179 1236 1204 nunc
1267 1164 1361 1214 quid
1395 1164 1443 1201 de
1473 1162 1713 1211 singularum

227 1238 448 1277 orationum
481 1236 783 1275 auctoritatibus
815 1236 905 1274 inde
938 1236 1065 1284 colligi
1100 1234 1223 1284 possit
1255 1245 1452 1283 quaeram.

341 1307 427 1354 Qua
458 1307 496 1343 in
529 1304 796 1354 disputatione
827 1317 873 1341 ex
907 1305 964 1352 iis,
995 1316 1096 1353 qnae
1128 1301 1423 1352 quaestionibus
1451 1298 1716 1350 grammaticis

229 1375 494 1421 eontinentur,
526 1386 571 1412 ea
604 1374 732 1412 omnia
765 1372 1077 1422 praetermittere
1112 1371 1253 1415 licebit,
1287 1382 1389 1420 quae
1423 1380 1549 1417 neque
1580 1366 1627 1404 ad
1651 1365 1716 1404 de-

228 1443 467 1482 fendendam
501 1454 629 1491 neque
661 1441 710 1479 ad
743 1440 1080 1479 condemnandam
1113 1440 1285 1488 aliquam
1318 1438 1534 1477 orationem
1568 1433 1715 1484 aliquid

229 1511 458 1562 proficiunt;
503 1522 718 1559 eorumque
749 1511 900 1547 tantum
935 1509 1033 1546 ratio
1068 1507 1247 1546 habenda
1279 1507 1365 1556 erit,
1402 1517 1503 1555 quae
1535 1502 1718 1553 genuinis

230 1579 509 1617 Demosthenis
541 1577 784 1616 orationibus
817 1590 839 1614 a
869 1576 1135 1626 suppositiciis
1158 1573 1431 1613 discernendis
1454 1572 1600 1610 favent.
1644 1571 1719 1608 Nc-

229 1660 304 1697 que
352 1646 519 1685 enndem
568 1645 848 1695 disputationis
895 1644 1072 1682 ordinem
1126 1655 1240 1693 quem
1289 1654 1410 1691 supra
1454 1651 1617 1678 servans
1663 1650 1720 1686 ea,

230 1728 331 1765 quae
375 1715 454 1752 illic
499 1715 722 1763 anteposita
763 1716 864 1758 sunt,
907 1713 969 1750 hie
1011 1724 1170 1761 quoque
1212 1723 1307 1760 prae
1350 1710 1491 1748 ceteris
1523 1706 1719 1751 t.ractab0;

230 1783 299 1822 sed
333 1796 418 1821 eum
453 1783 789 1828 demonstravero,
822 1781 927 1819 unde
960 1781 1057 1818 alias
1087 1780 1283 1818 orationes
1309 1777 1595 1823 Demosthenis,
1627 1775 1722 1812 alias

231 1853 317 1890 aliis
350 1851 611 1902 scriptoribus
642 1849 906 1889 vindicandas
929 1861 1016 1887 esse
1040 1849 1205 1886 maxime
1228 1850 1431 1896 appareat,
1462 1849 1541 1883 tum
1565 1844 1720 1882 demum

231 1934 278 1959 ea
310 1921 446 1970 paucis
477 1921 697 1967 absolvam,
738 1931 853 1969 quae,
896 1929 1132 1967 quamquam
1177 1915 1337 1954 minoris
1377 1915 1439 1952 vel
1473 1913 1611 1951 incerti
1642 1924 1722 1950 mo-

232 1989 349 2027 menti
383 1992 487 2038 sunt,
529 1990 658 2025 tamen
692 2000 739 2025 ex
773 1987 830 2033 iis,
872 1998 970 2035 quae
1011 1985 1122 2023 nullo
1164 1984 1277 2022 modo
1310 1982 1495 2020 videntur
1531 1992 1646 2030 posse
1685 1980 1722 2016 in

232 2056 388 2095 dubium
431 2057 582 2102 vocari,
624 2057 700 2093 vim
744 2054 943 2104 quandam
984 2053 1195 2102 accipiunt,
1239 2052 1292 2089 ita
1324 2055 1365 2089 ut
1397 2050 1494 2088 haee
1526 2049 1614 2095 illis,
1657 2047 1724 2085 illa

231 2125 291 2164 his
324 2124 607 2163 confirmentur
639 2128 759 2173 atque
792 2123 1113 2161 corroborentur.

346 2192 423 2230 Sed
475 2195 687 2241 antequam
735 2190 784 2229 ad
828 2203 906 2229 rem
952 2191 1073 2239 ipsam
1118 2187 1325 2235 accedam,
1370 2184 1622 2224 indicandum
1655 2185 1725 2230 est,

233 2273 422 2311 quasnam
467 2261 668 2304 orationes
710 2272 780 2309 pro
827 2261 934 2296 certe
966 2257 1149 2307 genuinis
1180 2257 1228 2294 ob
1262 2267 1428 2304 eamque
1462 2265 1618 2292 causam
1651 2263 1724 2301 pro

234 2329 510 2379 disputationis
542 2328 798 2367 fundamento
831 2326 1038 2365 habiturus
1070 2326 1152 2362 sim.
1200 2323 1314 2371 Quod
1339 2327 1381 2361 ut
1403 2322 1726 2367 demonstrarem,

233 2398 417 2436 tabellam
451 2398 544 2435 huic
576 2397 745 2447 paginae
779 2395 936 2434 affixam
971 2394 1206 2443 conscripsi3
1239 2394 1275 2429 in
1310 2403 1388 2440 qua
1411 2403 1458 2428 ex
1481 2388 1725 2428 orationibus

234 2466 271 2504 in
314 2465 471 2504 iudiciis
514 2465 679 2515 privatis
723 2464 865 2502 habitis
908 2467 1066 2513 praeter
1109 2464 1255 2499 01:27.
1289 2462 1351 2498 28.
1386 2462 1448 2498 30.
1482 2461 1546 2497 31.
1588 2460 1726 2494 contra

234 2538 386 2572 tutores
427 2532 594 2580 dictas1)
637 2545 703 2571 eas
747 2531 861 2570 modo
908 2544 979 2581 pro
1027 2542 1119 2568 vere
1152 2527 1466 2567 Demosthenicis
1508 2524 1724 2570 numeravi,

236 2601 284 2640 de
327 2601 472 2650 quibus
513 2601 707 2640 neminem
751 2612 924 2650 unquam
972 2598 1216 2636 dubitavisse
1258 2595 1431 2641 memini3
1477 2605 1544 2632 eas
1585 2596 1727 2639 autem,

237 2681 334 2719 quas
367 2669 560 2718 quispiam
595 2669 709 2707 homo
743 2668 894 2712 doctus,
938 2666 1118 2717 quamvis
1158 2663 1432 2703 deficientibus
1473 2660 1728 2710 argumentis,

352 2777 379 2821 ¹)
407 2777 461 2811 De
479 2777 609 2821 quibus
628 2776 671 2811 cf.
691 2777 727 2811 Ρ.
748 2776 955 2818 Hoffmann,
982 2774 1027 2810 de
1047 2773 1293 2809 Demosthene
1313 2771 1403 2806 Isaei
1421 2768 1612 2815 discipulo.
1638 2768 1680 2802 D.
1699 2767 1726 2804 Ι,

237 2833 358 2870 Berol.
388 2836 483 2869 1572.
