2132 3358
1613 202 1663 240 47

793 337 962 387 Caput
1002 336 1048 375 lI.

230 412 298 456 De
331 413 579 456 infinitivis
612 413 847 455 orationis
880 413 1099 465 obliquae
1132 424 1193 455 ex
1226 413 1383 455 verbis
1416 412 1618 465 dicendi,

516 481 779 535 cogitandi,
811 481 920 523 sim.
954 480 1325 534 pen‹lentibuS.¹)

286 596 311 647 ξ
336 603 369 637 1.
410 600 747 634 Enumerantur
775 608 828 634 ea
856 599 1008 641 verba,
1040 607 1159 640 quae
1190 607 1295 633 cum
1322 598 1554 634 infinitivis

175 667 392 703 orationis
434 667 651 710 obliquae
696 666 942 702 coniuncta
981 666 1028 701 in
1071 666 1270 710 Corpore
1312 665 1667 702 Demosthenico

770 734 1076 770 inveniuntur.

288 814 330 852 In
373 814 654 852 enumerandis
699 815 758 852 liis
801 814 933 852 verbis
974 813 1142 852 cundem
1186 826 1300 862 quem
1335 826 1457 862 supra
1490 813 1666 852 ordinem

173 882 327 927 tenebo,
360 894 595 932 quamquam
630 895 716 920 eum
752 895 829 920 non
862 883 1021 919 omnino
1054 881 1273 931 perfectum
1307 894 1394 920 esse
1424 894 1500 920 non
1524 881 1668 920 nescio.

173 951 344 988 Primum
387 951 486 988 enim
529 951 578 988 de
616 950 818 989 nonnullis
850 950 982 988 verbis
1015 950 1196 988 dubitare
1228 950 1330 997 licet,
1373 952 1504 988 utrum
1538 950 1670 988 verbis

174 1018 329 1057 dicendi
365 1031 413 1056 an
446 1018 646 1067 cogitandi
679 1018 812 1068 potius
845 1018 1143 1056 adnumeranda
1172 1018 1266 1060 sint;
1299 1019 1432 1067 qualia
1454 1022 1546 1057 sunt
1570 1007 1670 1068 ὁμο-

175 1084 308 1136 λογῶ,
350 1087 455 1137 quod
489 1090 528 1125 et
559 1088 784 1125 consentire
822 1091 861 1125 et
892 1086 1114 1125 concedere
1147 1086 1354 1136 signifieat,
1395 1083 1544 1124 πείθω
1576 1087 1671 1124 alia-

174 1167 262 1204 que,
294 1167 394 1204 quae
426 1155 554 1193 active
587 1157 778 1204 usurpata
810 1155 1009 1193 notionem
1034 1154 1202 1200 dicendi⁷
1236 1155 1392 1203 passive
1415 1156 1542 1204 posita
1565 1155 1669 1204 cogi-

172 1222 280 1261 tandi
314 1223 470 1261 habent.
532 1224 589 1261 De
622 1223 709 1261 aliis
742 1222 885 1261 deinde
918 1222 1063 1271 verbis,
1095 1226 1137 1260 ut
1169 1218 1428 1273 ψηφίζομαι,
1462 1223 1525 1261 vix
1560 1225 1669 1261 certo

173 1291 491 1341 iudicaverimus,
523 1294 653 1330 utrum
688 1292 725 1329 in
759 1291 890 1329 verbis
923 1290 1080 1329 dicendi
1113 1303 1161 1329 an
1195 1291 1234 1329 in
1260 1291 1393 1329 verbis
1415 1291 1672 1340 decernendi,

173 1359 333 1398 volendi
365 1361 449 1398 sim.
482 1358 665 1397 ducenda
696 1360 792 1401 sint;
840 1372 1009 1409 quorum
1048 1371 1094 1397 ea
1132 1358 1247 1397 modo
1281 1359 1464 1408 exempla
1496 1359 1670 1406 afferam,

173 1440 275 1479 quae
316 1428 429 1465 aliam
474 1440 520 1466 ac
560 1428 769 1466 verborum
817 1428 1048 1477 simpliciter
1095 1427 1253 1465 dicendi
1301 1426 1668 1477 interpretationem

172 1496 379 1535 admittere
412 1508 487 1534 nou
523 1496 725 1534 videntur:
759 1495 918 1534 omnino
941 1498 1071 1534 autem
1093 1495 1295 1534 secludam
1317 1495 1440 1534 verba
1463 1491 1670 1532 δικαιοῦν

173 1569 212 1603 et
243 1554 412 1613 ἀξιοῦν,
445 1564 597 1614 quibus,
629 1576 866 1613 quamquam
899 1564 989 1602 olim
1023 1576 1069 1602 ea
1105 1563 1292 1613 „dignum
1323 1563 1523 1602 iudicare“
1549 1564 1670 1613 signi-

172 1634 311 1671 ficasse
345 1635 510 1683 constat,
542 1637 673 1670 tamon
705 1632 850 1681 ubique
883 1632 990 1670 notio
1014 1632 1170 1670 volendi
1203 1631 1379 1670 admixta.
1409 1629 1514 1678 estst)
1562 1631 1670 1669 Idem

173 1701 222 1739 de
255 1701 374 1739 verbo
408 1695 670 1751 γιγνώσκειν
702 1714 733 1738 c.
763 1700 830 1738 inf.
862 1701 1074 1739 coniuncto
1108 1701 1230 1743 valet;
1277 1699 1347 1738 sed
1391 1713 1439 1738 ne
1479 1700 1568 1750 quis
1606 1699 1671 1738 de-

173 1768 331 1815 sideret,
353 1770 536 1818 exempla
558 1770 642 1807 eius
666 1769 729 1807 hic
752 1770 932 1806 afferam:
969 1771 1029 1816 12,
1049 1771 1111 1807 22.
1147 1770 1210 1817 18,
1228 1771 1319 1807 228.
1354 1771 1418 1817 24,
1433 1771 1496 1807 52.
1529 1771 1672 1816 32:21.

175 1837 319 1885 59,72.
352 1836 488 1885 111,45
522 1835 675 1885 (12,14
708 1836 771 1873 ubi
805 1827 915 1872 εἶναι
949 1835 1214 1885 supplendum
1248 1833 1371 1882 est).3)
1435 1836 1516 1873 Etsi
1550 1835 1672 1885 igitur

174 1904 443 1954 dispositionis
490 1916 599 1942 meae
646 1904 951 1942 imbecillitatem
1000 1904 1095 1942 satis
1143 1904 1348 1953 perspexi,
1398 1907 1548 1953 tamen,
1593 1916 1672 1953 quo

174 1973 292 2011 index
325 1973 537 2011 verborum
570 1972 719 2021 aliquid
754 1972 995 2010 commodior
1027 1971 1106 2021 siat,
1138 1984 1223 2010 eam
1257 1971 1424 2010 servabo
1447 1983 1571 2020 eaque
1594 1983 1673 2009 una

174 2042 210 2079 in
244 2053 286 2079 re
318 2053 340 2078 a
371 2041 515 2090 prioris
548 2040 688 2089 capitis
726 2040 864 2078 ordine
904 2039 1104 2090 reccdam,
1147 2039 1250 2088 quod
1296 2040 1508 2078 verborum
1551 2036 1673 2077 (30κῶ

173 2108 343 2157 (videri),
387 2103 589 2160 ἠγοῦμαι,
636 2104 816 2158 νομίζω,
863 2100 997 2158 οἶμαι,
1045 2104 1155 2158 φημί
1198 2109 1326 2146 omnia
1369 2108 1549 2158 exempla
1593 2120 1671 2146 non

175 2177 396 2222 nominabo,
437 2177 505 2214 sed
539 2177 576 2214 in
611 2177 838 2215 universum
872 2179 1043 2222 tantum,
1083 2189 1131 2214 ne
1164 2176 1307 2225 longus
1339 2176 1429 2225 sim,
1467 2187 1670 2213 numerum

174 2245 462 2296 exemplorum,
494 2257 596 2294 quae
628 2246 666 2283 in
699 2246 866 2295 singulis
899 2244 1142 2284 orationibus
1174 2244 1327 2294 inveni,
1357 2244 1551 2282 indicabo.

289 2390 312 2432 ¹)
339 2387 514 2423 Omnibus
546 2388 589 2423 iis
623 2388 723 2432 locis,
762 2387 822 2422 ubi
855 2387 890 2422 in
924 2387 1112 2422 infinitivis
1150 2387 1206 2422 vis
1243 2386 1411 2431 iubendi,
1447 2386 1673 2429 adhortandi,

175 2445 410 2489 permittendi
435 2445 542 2489 inest,
568 2456 612 2480 ex
638 2445 906 2480 dissertationis
932 2445 1085 2480 consilio
1112 2444 1266 2480 seclusis
1285 2455 1349 2479 eos
1369 2444 1477 2479 modo
1496 2444 1670 2487 tractabo,

175 2502 236 2537 ubi
268 2502 437 2537 infinitivi
469 2503 662 2537 enuntiatis
693 2503 922 2546 explicafivis
951 2503 1177 2546 respondere
1210 2513 1291 2537 cum
1326 2502 1442 2546 iisque
1475 2502 1673 2546 permutari

174 2569 286 2603 posse
318 2559 495 2594 videntur.
526 2579 565 2583 —
606 2558 661 2593 De
693 2559 798 2593 huius
831 2559 1117 2593 constructionis
1151 2562 1279 2593 natura
1311 2558 1591 2602 primordiisque
1627 2557 1671 2592 cf.

175 2616 212 2651 G.
239 2616 282 2651 H.
308 2616 505 2659 Fleiscbcr,
539 2617 583 2650 D.
607 2616 646 2659 I„
680 2616 776 2659 Lips.
807 2619 900 2650 1874).
951 2616 990 2650 C.
1015 2615 1193 2650 Albrecht
1217 2630 1262 2644 =
1287 2615 1448 2658 Curtius,
1484 2614 1586 2650 stud.
1611 2614 1673 2657 IV,

179 2675 274 2715 1871,
308 2684 342 2716 p.
363 2676 492 2707 1—55.
540 2673 573 2707 J.
600 2674 650 2707 La
675 2673 812 2715 Rochc,
847 2672 950 2707 Hom.
978 2673 1123 2707 Unters.
1147 2671 1198 2716 ΙΙ,
1232 2672 1448 2716 Lips.1893,
1482 2682 1505 2715 p
1539 2674 1673 2705 1—75.

174 2733 204 2772 2)
229 2730 282 2766 Cf.
301 2731 509 2774 Buttmann,
535 2730 618 2764 Mid.
636 2741 672 2774 p.
690 2734 762 2764 165.
788 2729 1019 2773 Forssmann,
1045 2729 1188 2765 Curtius
1213 2729 1313 2764 stud.
1331 2728 1388 2763 VI.
1413 2739 1447 2772 p.
1463 2731 1516 2763 22.
1564 2730 1594 2771 3)
1618 2727 1670 2763 Cf.

175 2783 242 2831 τὴν
276 2783 430 2831 γνώμην
465 2782 668 2830 ἀποφαίνω
702 2785 767 2820 καὶ
802 2782 950 2830 ἐμμένω
977 2782 1071 2829 αὕτῇ
1098 2797 1127 2821 c.
1148 2785 1211 2819 inf.
1231 2788 1352 2830 59,4o.
1396 2781 1672 2827 ἀποδείκνυμαι

174 2853 270 2890 pass.
292 2847 343 2889 18,
359 2846 435 2879 250.
