2132 3358
1657 213 1707 250 21

225 314 452 371 πειροιτὸ
484 313 549 359 ὅτι
583 318 709 369 ἴσασι,
748 315 859 359 διότι.
891 315 928 360 δ’
960 313 1044 361 οὔκ
1076 318 1229 370 ἴσασιῐ)
1261 327 1298 361 ct
1331 324 1462 362 multis
1493 325 1580 362 aliis
1615 325 1709 362 locis

227 390 488 438 cognoscitur.
536 387 756 428 Particulae
789 395 917 429 autern
953 383 1092 436 ὅπως
1123 404 1194 441 pro
1218 380 1278 430 ὡς
1302 391 1557 441 usurpatae2)
1590 405 1708 430 unum

226 458 445 506 exemplum
480 459 658 496 invenias
690 461 752 504 ⁴23,
774 461 870 497 117:
900 454 937 496 εἰ
968 455 1154 507 δείξειαν
1176 449 1311 505 ὅπως,
1344 450 1399 496 ἂν
1420 451 1587 497 ἀδικεῖν
1608 453 1710 506 βοί-

228 524 406 572 λωνται,
437 519 494 577 μὴ
525 519 809 577 δυνήσονταις
843 526 910 564 sed
944 527 992 564 cf.
1024 529 1097 576 p.7
1131 540 1191 564 an.
1211 530 1246 566 5.
1276 548 1330 552 —

339 605 410 642 His
453 604 645 653 quaedam
689 604 736 642 de
781 605 1139 643 necessitudinibus
1181 606 1285 644 inter
1322 607 1457 656 plures
1493 609 1712 645 structuras

225 673 499 720 grammaticas
527 671 861 710 intercedentibus
891 673 1102 711 adnectere
1135 673 1245 718 libet;
1277 686 1446 723 namque
1479 685 1630 722 vereor,
1663 686 1710 712 ne

226 739 312 788 quis
345 752 390 777 ea
421 752 523 789 quae
556 740 686 778 adhuc
719 741 883 789 exposui
915 741 1142 789 diligentius
1174 743 1402 780 examinans
1424 742 1579 791 aliquos
1602 742 1711 780 locos

224 819 345 857 snpra
376 807 515 846 allatos
547 808 769 847 afferendos
801 821 877 847 non
912 809 1030 847 fuisse
1062 813 1233 856 censeat,
1277 819 1344 847 aut
1385 809 1481 848 alios
1519 810 1708 860 quosdam

225 875 388 913 omissos
421 876 628 914 desideret.
690 878 786 914 Dico
818 879 946 914 autem
981 889 1046 914 eos
1081 877 1200 926 locos,
1240 877 1303 915 nbi
1334 878 1538 915 enuntiata
1568 890 1591 914 a
1622 889 1711 927 par-

224 943 343 981 ticula
383 931 443 988 ὥς
481 945 710 993 incipientia
749 949 787 982 et
832 957 901 993 pro
946 945 1192 994 explicativis
1235 948 1273 982 et
1309 957 1380 993 pro
1414 945 1710 993 interrogativis

226 1011 359 1049 haberi
391 1020 572 1060 possunt3
615 1012 681 1050 sed
721 1013 811 1062 quis
855 1018 913 1051 est
945 1014 1010 1061 qui
1044 1013 1137 1062 quid
1171 1024 1411 1062 unoquoque
1444 1013 1530 1051 loco
1562 1012 1712 1050 intelle-

224 1080 394 1128 gendum
438 1082 498 1123 sit,
539 1080 656 1118 certis
695 1093 741 1118 ex
782 1081 935 1130 legibus
973 1081 1199 1119 discernat?
1241 1081 1307 1130 qui
1345 1081 1413 1118 tali
1444 1082 1482 1118 in
1517 1093 1558 1119 re
1589 1081 1711 1119 libero

224 1159 294 1185 suo
328 1147 469 1186 iudicio
502 1160 543 1186 se
577 1150 658 1198 regi
692 1149 838 1198 neget?
900 1150 1044 1199 Magna
1075 1149 1257 1198 equidem
1289 1150 1552 1188 recentiorum
1583 1161 1712 1199 gram-

223 1215 493 1261 maticorum-3)
525 1218 650 1255 virtus
683 1220 752 1266 est,
794 1218 897 1266 qnod
932 1230 1066 1255 omnes
1104 1218 1260 1268 linguas
1294 1230 1371 1256 una
1402 1219 1513 1267 quasi
1544 1229 1713 1267 corpora

223 1295 309 1322 esse
346 1284 500 1333 docent,
542 1297 709 1334 quorum
752 1286 927 1323 membra
968 1286 1161 1324 artissime
1202 1287 1304 1323 inter
1346 1296 1387 1323 se
1428 1286 1644 1324 cohaerent
1675 1290 1713 1323 et

223 1352 298 1389 alia
330 1365 376 1389 ex
408 1352 495 1390 aliis
528 1353 725 1402 prodeunt
756 1354 793 1391 in
828 1354 983 1403 aliaque
1015 1354 1374 1402 transgrediuntur,
1413 1354 1466 1391 ita
1497 1357 1538 1391 ut
1565 1354 1713 1403 ubique

223 1420 371 1458 multae
404 1421 623 1459 locutiones
655 1422 744 1470 sint,
776 1434 877 1471 quac
910 1426 950 1460 ut
983 1423 1102 1460 certis
1134 1422 1330 1471 capitibus
1361 1422 1630 1472 grammaticis
1657 1422 1712 1459 in-

223 1492 406 1526 serantur
449 1489 533 1527 fieri
577 1502 653 1527 non
698 1491 832 1539 possit.
893 1491 950 1528 Ex
993 1490 1136 1540 quibus
1177 1494 1338 1540 praeter
1369 1478 1457 1528 eam
1487 1503 1605 1540 quam
1637 1491 1712 1528 iam

222 1557 391 1595 tractavi
432 1558 713 1606 particularum
757 1546 890 1603 033=
915 1558 1006 1596 dass
1048 1562 1086 1597 et
1126 1546 1381 1604 oig=wiei>
1427 1570 1511 1596 eam
1554 1569 1714 1608 quoque

222 1625 514 1674 ambiguitatem
548 1637 821 1669 commemoro,
867 1639 969 1676 quae
1008 1628 1045 1664 in
1078 1627 1271 1676 particula
1303 1616 1373 1664 ὅτι
1406 1627 1458 1664 ibi
1489 1627 1602 1673 inest,
1648 1625 1712 1664 ubi

223 1693 403 1732 dubitare
435 1695 541 1740 licet,
574 1699 703 1732 utrum
737 1697 942 1733 enuntiata
974 1696 1022 1734 ab
1055 1708 1102 1734 ea
1133 1696 1361 1745 incipientia
1390 1695 1642 1745 explicativis
1664 1707 1713 1732 an

337 1828 362 1870 ¹)
388 1826 476 1861 MAI
494 1830 578 1861 9812
611 1830 652 1861 29
670 1827 758 1861 Bon.
786 1827 1037 1872 Meisterhans,
1062 1827 1121 1862 Gr.
1140 1828 1172 1862 d.
1187 1831 1250 1862 att.
1265 1827 1400 1862 Inschr.
1421 1838 1455 1871 p.
1471 1831 1505 1861 21
1522 1831 1546 1870 1,
1561 1830 1601 1861 28
1620 1822 1714 1860 διότι

222 1893 286 1926 pro
313 1877 370 1917 ὅτι
396 1894 439 1917 ex
466 1883 598 1919 Ol.12‹›
624 1883 699 1918 fere
724 1884 759 1917 in
786 1884 898 1918 titulis
924 1884 1076 1919 inveniri
1102 1884 1221 1919 docet.
1305 1886 1332 1929 2)
1358 1884 1529 1919 Kuehner
1547 1887 1622 1925 550,
1642 1888 1669 1926 l,
1687 1886 1713 1918 1.

222 1941 250 1982 ³)
277 1938 329 1974 Cf.
347 1939 500 1975 Schmitt
524 1941 545 1974 l.
561 1941 582 1975 l.
600 1952 634 1984 p.
651 1944 702 1974 31.
722 1945 774 1975 78.
813 1942 969 1983 Curtius,
994 1941 1283 1985 Erliiutcrungen
1302 1942 1435 1985 (Ρι-εις3
1458 1942 1556 1983 1875)
1582 1952 1616 1984 p.
1634 1944 1712 1975 195:

226 1996 383 2041 „Fragen
409 1997 472 2031 wir
497 1997 586 2031 nach
612 1997 694 2032 dem
721 1998 910 2041 Ursprung
940 1997 1005 2033 der
1029 1998 1350 2043 Konjunktionen‚
1391 2008 1432 2033 so
1465 1998 1607 2042 crgiebt
1638 1997 1714 2032 sich

218 2047 352 2097 hiiufig,
389 2054 473 2087 dass
493 2055 581 2099 jenc
607 2053 822 2098 spezifischc
848 2054 1067 2097 Bedeutung
1092 2055 1156 2089 der
1180 2054 1486 2099 Konjunktionen
1512 2056 1593 2090 eine
1618 2054 1713 2090 'ritu-

222 2109 362 2153 schung
386 2111 442 2144 ist.
492 2111 665 2146 Dieselbe
692 2111 853 2146 Partikel
879 2106 948 2151 ὥς,
987 2111 1099 2146 deren
1125 2112 1465 2155 Grundbedeutung
1499 2112 1582 2146 wie
1616 2111 1715 2145 nic'nt

222 2165 439 2201 zweifelhaft
472 2168 549 2201 sein
584 2167 698 2210 kann,
736 2167 808 2202 und
836 2168 901 2202 das
927 2168 1047 2202 davon
1073 2178 1138 2202 nur
1162 2167 1424 2203 unwesentlich
1450 2168 1713 2203 verschiedene

222 2217 335 2265 ὅπως,
369 2224 555 2267 begegnet
581 2235 648 2259 uns
673 2224 745 2259 fast
769 2225 804 2258 in
831 2225 924 2260 allen
952 2224 1160 2269 Gattungen
1187 2236 1260 2260 von
1286 2226 1437 2269 Siitzen,
1470 2225 1546 2259 rein
1572 2225 1711 2268 relativ,

223 2281 409 2324 temporal,
435 2281 519 2315 final
546 2281 618 2315 und
636 2282 670 2315 in
690 2282 996 2325 Aussagesiitzen.
1033 2275 1091 2315 ὅτι
1117 2282 1202 2316 dass
1229 2282 1301 2317 und
1327 2276 1383 2315 ὅτι
1410 2282 1491 2317 wcil
1516 2282 1597 2316 sind
1624 2282 1712 2323 eins,

223 2336 348 2371 mithin
381 2337 428 2372 ist
461 2338 496 2371 in
530 2338 594 2372 der
618 2338 775 2382 Sprache
808 2339 925 2373 selbst
955 2339 1011 2374 ein
1039 2338 1278 2374 Unterschied
1304 2338 1485 2373 zwischcn
1511 2339 1592 2373 dem
1617 2338 1711 2373 Aus-

223 2397 390 2437 sagesatz
416 2394 490 2428 und
515 2395 598 2429 dem
623 2395 838 2429 Kausalsatz
863 2395 963 2430 nicht
989 2396 1209 2431 vorhanden.
1236 2416 1278 2420 —
1311 2396 1464 2430 Hieraus
1489 2394 1592 2439 folgt,
1627 2396 1711 2430 dass

222 2449 289 2484 alle
316 2461 446 2484 unsere
464 2451 721 2495 Einteilungen
748 2452 812 2487 der
831 2452 936 2487 Satze
962 2452 1009 2486 im
1027 2452 1175 2487 Grunde
1202 2452 1302 2487 mehr
1326 2452 1508 2498 logischer
1525 2452 1578 2487 als
1595 2462 1712 2497 gram-

223 2506 414 2542 matischer
439 2507 506 2541 Art
531 2508 630 2552 sind,
657 2508 740 2543 dass
767 2509 830 2543 wir
854 2509 912 2544 bei
937 2509 1080 2544 solcher
1104 2510 1313 2554 Einteiluug
1337 2510 1372 2544 in
1398 2509 1456 2544 die
1482 2509 1586 2544 Satze
1613 2509 1712 2544 mehr

223 2564 456 2608 hincinlegen
482 2565 571 2600 oder
596 2565 892 2609 hincindenken‚
926 2566 978 2601 als
1004 2567 1063 2602 die
1090 2566 1248 2610 Sprache
1273 2567 1453 2611 angiebt.“
1482 2587 1526 2591 ——
1559 2566 1600 2600 H.
1622 2566 1710 2601 Paul

222 2621 423 2664 Principien
449 2621 513 2655 der
530 2621 1037 2667 Sprachgeschichte(}1alle²
1060 2625 1158 2667 1886)
1185 2635 1218 2667 p.
1235 2628 1294 2658 25:
1323 2624 1482 2667 „Unsere
1507 2622 1710 2658 herkijmm-

222 2678 338 2712 lichen
364 2689 416 2721 gr.
443 2678 656 2722 kategorien
681 2679 763 2714 sind
789 2681 845 2715 ein
872 2680 955 2715 sehr
981 2680 1271 2724 ungeniigendes
1297 2680 1423 2724 mittel‚
1457 2680 1515 2714 die
1540 2680 1709 2724 gruppie-

222 2735 446 2779 rungsweise
480 2735 544 2770 der
575 2735 889 2779 sprachclementc
921 2749 964 2771 zu
991 2737 1342 2772 veranschaulichen.
1393 2737 1510 2771 Unser
1534 2747 1710 2780 gramma-

222 2791 356 2827 tisches
382 2797 521 2836 system
548 2792 595 2826 ist
619 2793 724 2837 lange
750 2793 847 2827 nicht
869 2793 939 2828 fein
959 2805 1080 2838 genug
1098 2793 1311 2837 gegliedert,
1338 2804 1394 2828 um
1413 2793 1479 2828 der
1495 2793 1709 2837 gliederung

223 2848 285 2882 der
310 2848 637 2893 psychologischcn
657 2860 821 2894 gruppen
839 2850 1018 2895 adaequat
1036 2851 1113 2886 sein
1132 2861 1175 2884 zu
1192 2850 1373 2885 konncnf‘
1410 2850 1461 2885 Cf.
1481 2850 1566 2885 ibid.
1583 2861 1617 2894 p.
1634 2855 1708 2884 299.
