2132 3358
750 762 909 833 Pars
960 760 1158 850 prior.

557 880 920 929 quaestiones
958 878 1362 931 grammaticae.

841 1025 1011 1074 Caput
1049 1025 1076 1062 Ι.

215 1102 282 1143 De
314 1100 726 1143 enuntiationibus
759 1099 1061 1153 explicativis
1093 1112 1119 1141 a
1150 1099 1401 1153 particulis
1433 1092 1518 1139 ὅτι
1549 1097 1702 1153 (διότι)

693 1168 742 1210 et
773 1168 839 1216 οἱς
870 1167 1227 1221 incipientibus.

282 1297 304 1343 ξ
340 1301 371 1335 1.
430 1298 766 1332 Enumerantur
798 1306 851 1332 ea
882 1297 1032 1339 verba,
1065 1297 1122 1331 ad
1154 1305 1272 1338 quae
1305 1295 1641 1331 enuntiationes

214 1365 514 1409 explieativae
545 1375 627 1408 per
656 1365 906 1408 particulas
939 1354 1007 1400 ὅτι
1040 1357 1185 1410 (διότι)
1217 1366 1263 1400 et
1293 1359 1353 1408 οἱς
1382 1364 1554 1399 relatae
1586 1367 1704 1400 sunt.

328 1468 526 1505 Nascetur
558 1468 677 1517 igitur
720 1466 922 1504 exordium
956 1479 1003 1503 ex
1042 1466 1193 1504 illorum
1228 1467 1436 1504 verborum
1470 1466 1617 1515 indice,
1659 1479 1705 1504 ex

217 1536 362 1584 quibus
393 1536 431 1572 in
465 1535 638 1584 Corpore
672 1535 977 1573 Demosthenico
1011 1535 1303 1572 enuntiationes
1325 1535 1589 1583 explicativae
1613 1547 1708 1584 pen-

215 1604 319 1641 dent.
380 1603 523 1651 Quem,
570 1604 640 1641 ctsi
686 1615 762 1641 non
806 1603 935 1651 magni
981 1603 1162 1640 momenti
1209 1615 1294 1640 esse
1333 1601 1532 1648 videatur,
1574 1607 1705 1641 tamen

214 1671 368 1708 duabus
410 1670 457 1708 dc
498 1672 625 1708 causis
667 1670 980 1719 componendum
1025 1682 1112 1708 esse
1155 1671 1394 1708 existimavi:
1445 1672 1573 1708 altera
1615 1672 1708 1720 quia

215 1751 409 1788 quaenam
443 1739 610 1787 singulis
644 1739 886 1787 temporibus
918 1738 1062 1775 usitata
1085 1738 1230 1776 fuerint
1252 1738 1446 1776 vocabula
1468 1739 1708 1787 investigare

216 1819 362 1856 operae
395 1807 561 1855 pretium
596 1818 681 1843 esse
714 1805 888 1855 videtur,
932 1806 1057 1843 altera
1090 1809 1131 1843 ut
1163 1806 1225 1843 vel
1257 1805 1348 1843 inde
1385 1810 1619 1855 argumenta
1651 1820 1709 1854 cu,

217 1874 361 1923 quibus
393 1875 572 1923 singulas
606 1874 806 1912 orationes
839 1879 907 1912 aut
938 1875 1132 1924 genuinas
1163 1879 1231 1912 aut
1262 1875 1417 1924 spurias
1449 1887 1534 1912 esse
1569 1875 1706 1924 proba—

216 1947 293 1992 tur,
325 1955 475 1991 angere
507 1955 682 1980 conarer.

331 2023 373 2059 ln
417 2022 696 2059 enumerandis
733 2024 859 2059 autem
904 2021 1035 2059 verbis
1073 2022 1125 2059 ita
1163 2021 1347 2059 facillime
1380 2022 1629 2071 progrediar,
1669 2025 1710 2059 ut

217 2091 381 2139 primum
424 2090 547 2127 verba
584 2090 805 2139 personalia
855 2102 956 2138 quae
994 2095 1190 2127 vocantur
1235 2091 1270 2127 in
1316 2091 1436 2128 verba
1477 2090 1629 2127 dIccndi
1671 2093 1710 2128 et

217 2157 462 2206 declarandi,
505 2157 704 2207 cogitandi
754 2160 792 2195 et
838 2157 1052 2205 sentiendi,
1097 2157 1310 2195 accusandi
1358 2162 1396 2195 ct
1441 2158 1707 2195 calumniandi

219 2226 440 2273 distributa,
473 2226 615 2263 deiude
647 2225 924 2274 impersonalia
956 2238 1059 2275 qnae
1090 2226 1341 2275 appellantur
1371 2230 1545 2264 tractem.

729 2346 772 2400 Α)
804 2346 930 2388 Verba
961 2347 1200 2400 personalia.

531 2428 569 2475 a)
602 2430 750 2468 Verba
787 2430 981 2468 dicendi
1021 2435 1066 2469 et
1104 2431 1396 2469 declarandi.

331 2509 564 2568 ἀγγέλλω
596 2508 663 2565 ὥς
698 2520 917 2569 18‚169.¹)

422 2577 728 2637 ἀπαγγέλλω)
758 2579 824 2625 ὅτι
858 2592 891 2633 7,
911 2591 974 2627 21.
1002 2592 1064 2638 18,
1083 2592 1146 2629 32.
1174 2592 1235 2637 19,
1255 2592 1318 2628 60.
1344 2592 1432 2627 125.
1479 2578 1538 2633 ὡς
1564 2591 1625 2635 19,
1646 2591 1709 2627 74.

494 2659 583 2694 127.
601 2658 693 2695 305.
712 2658 803 2695 324.
836 2659 900 2706 20,
920 2659 982 2695 73.
1022 2649 1079 2709 μὴ
1111 2645 1171 2701 (ὃς
1202 2678 1254 2682 -
1289 2647 1383 2694 ἀλλ’
1405 2646 1473 2693 ὅτι
1498 2659 1558 2702 14,
1577 2659 1628 2696 38
1651 2669 1736 2713 sq„

334 2779 360 2818 ¹)
388 2775 535 2809 (filiarito
561 2786 594 2819 p.
612 2779 687 2818 417,
705 2779 745 2810 39
771 2775 976 2819 (Hirschig)
1003 2776 1283 2811 Demosthenem
1311 2776 1458 2810 imitans
1490 2777 1551 2819 (cf.
1579 2777 1709 2819 Cobet,

218 2832 309 2867 NOV.
338 2834 436 2867 Lect.
463 2836 593 2876 p.37·.’)
619 2844 675 2866 οτι
704 2843 770 2876 pro
798 2845 846 2873 υς
873 2833 1032 2878 scripsit.
1125 2836 1154 2878 2)
1181 2829 1410 2878 ἀπαγγέλλω
1438 2833 1636 2878 praecipue
1663 2833 1708 2869 de
